2910 4672
628 165 839 232 ..95-

245 345 340 408 Etiam
370 345 397 407 id
421 344 462 405 Po
491 344 614 420 accidit,
642 351 676 406 nt
703 344 877 424 glossemata
905 341 936 404 in
961 349 1072 404 textum
1094 341 1282 422 irrepserint,
1310 352 1344 406 nt

119 467 183 547 lug.
207 461 260 542 3¹,
286 464 325 530 19
347 467 397 529 ubi
410 467 439 528 in
455 466 497 528 Po
512 465 696 528 invenimus:
720 503 776 542 „·
792 465 985 546 contempnit,
1007 465 1140 546 prolecto
1155 463 1265 526 scilieet
1280 468 1341 509 —“

119 595 146 650 et
168 596 249 650 recte
270 608 290 670 p
311 597 464 651 corrector
487 587 659 668 „prolecto“
682 585 800 648 uncinis
822 586 942 649 inclusit
963 594 992 649 et
1005 584 1225 667 superscripsit:
1250 585 1342 662 „haec

120 709 215 787 glossa
236 713 312 771 est.“
356 711 393 770 cl.
416 709 477 769 Cat.
500 705 596 781 no,5
623 706 672 768 ubi
703 707 780 769 idem
810 715 961 770 corrector
990 708 1093 770 eodem
1124 707 1213 769 modo
1244 715 1273 768 et
1293 706 1341 768 in·

119 828 204 892 clusit
232 838 261 892 et
290 830 404 892 notavit
431 828 519 890 rerba
550 828 743 908 „frequenter
765 828 1028 900 menteversavi,“
1050 828 1176 910 quaein
1199 827 1241 888 Po
1263 827 1341 890 inter

118 950 204 1012 rerba
237 953 377 1029 „mente“
405 959 434 1011 et
455 949 598 1030 „agitavi“
621 949 793 1030 interposita
817 958 925 1012 extant.
970 949 1000 1010 Si
1026 968 1093 1011 vero
1113 949 1288 1029 glossemata
1309 948 1340 1010 in

119 1076 230 1131 textum
255 1069 287 1131 Pi
309 1070 460 1152 irrepsisse
482 1078 608 1152 constat,
632 1070 788 1131 verisimile
811 1078 864 1145 est,
887 1070 973 1132 etiam
997 1071 1063 1151 Jug.
1086 1066 1139 1150 85,
1162 1067 1200 1132 41
1227 1070 1342 1149 glossae

119 1189 215 1251 deberi
244 1190 315 1252 illud
348 1193 529 1269 „sudorem“
559 1191 638 1272 quod
666 1191 696 1252 in
719 1190 761 1251 Po
783 1198 851 1252 ante
876 1192 1068 1271 „pulverem“
1092 1190 1221 1271 positum
1246 1189 1275 1250 in
1298 1189 1341 1250 νο

118 1330 177 1374 non
200 1311 359 1375 invenitur.
404 1314 547 1375 dccuratc
570 1312 649 1375 enim
670 1311 834 1373 Dietscbins
856 1310 1228 1392 observavit,'Sallustium
1252 1328 1340 1372 num-

65 1492 67 1507 ,
118 1451 203 1513 qnam
235 1433 292 1495 nisi
318 1455 380 1498 uno
412 1454 473 1495 non
506 1432 639 1515 pluribus
659 1433 905 1514 praecedentibus
928 1441 977 1510 „et
998 1433 1053 1494 alia
1075 1432 1164 1494 talia“
1184 1450 1341 1512 usurpasse

117 1573 149 1614 ao
181 1562 260 1616 reete
289 1556 385 1630 addit,
422 1556 464 1617 sic
494 1556 698 1617 Romanorum
730 1554 976 1616 consuetudinem
1007 1553 1174 1635 postulare3
1202 1551 1341 1633 quocirca

117 1694 208 1755 quum
240 1674 469 1738 alterumutrnm
507 1684 558 1737 aut
588 1677 768 1754 „sudorem“
800 1684 850 1737 ant
880 1675 1072 1756 „pnlverem“
1102 1675 1248 1754 glossema
1277 1693 1342 1737 esso

115 1815 235 1858 necesse
256 1797 305 1871 sit,
325 1797 409 1859 facile
431 1816 494 1858 esse
516 1796 679 1873 intellectu,
702 1797 884 1874 „sudorem“
906 1795 1071 1876 explicandi
1089 1815 1175 1857 cansa
1191 1795 1339 1879 adjectum

115 1935 189 1980 esse.
235 1918 396 1980 Assentior.
441 1917 478 1979 tt
499 1925 587 1991 errat,
609 1885 711 1979 rerum
733 1936 795 1978 non
817 1937 870 1978 sua
893 1916 978 1997 eulpa
1001 1917 1053 1978 sed
1074 1935 1189 1992 eorum,
1211 1934 1339 1996 quorum

113 2039 323 2101 collationibus
346 2057 418 2100 usus
432 2046 485 2113 est,
509 2057 601 2118 quum
617 2037 696 2108 dicit,
717 2036 748 2097 in
764 2037 806 2098 νο
822 2057 885 2099 csse
901 2037 1061 2114 „sudorem
1078 2046 1108 2100 et
1121 2037 1175 2099 alia
1190 2035 1257 2098 talia
1267 2038 1339 2099 -“.

113 2160 237 2222 Jordani
258 2141 338 2222 enim
362 2159 472 2240 optima
493 2178 528 2221 ex
551 2157 709 2219 collatione
731 2166 862 2238 apparet,
883 2156 913 2218 in
935 2159 977 2219 Vo
999 2157 1029 2220 id
1051 2157 1174 2220 verbum
1198 2158 1339 2219 omissum

112 2301 189 2358 esse,
212 2281 292 2362 quod
315 2280 430 2362 glossae
452 2277 552 2342 deberi
574 2277 758 2339 invenimus:
783 2278 974 2353 „sudorcm.“

222 2437 265 2499 lta
294 2447 453 2520 postquam
484 2435 520 2497 dc
550 2433 623 2496 locis
650 2433 859 2508 dissernimus,
890 2434 940 2514 qui
968 2443 1019 2497 aut
1043 2435 1074 2496 in
1098 2435 1139 2496 Po
1162 2433 1263 2497 autin
1287 2434 1341 2514 Vn,

114 2576 296 2640 quamquam
325 2577 445 2619 sonsum
470 2556 619 2636 quendam
640 2555 751 2617 habere
772 2556 925 2631 videntur,
952 2554 1142 2618 librariorum
1164 2555 1341 2637 negligentia

116 2677 246 2759 quadam
278 2678 410 2761 corrupti
440 2684 525 2753 sunt,
553 2696 738 2759 apponamus
768 2696 866 2751 nuno,
896 2685 930 2740 nt
952 2675 1118 2758 major-fiat
1139 2675 1341 2759 perspicuitas,

115 2799 252 2861 locorum
274 2799 509 2861 examinatorum
531 2797 637 2860 series:

158 2956 229 3020 Loci
251 2956 302 3036 qui
325 2955 355 3018 in
379 2956 420 3017 νο
446 2954 589 3035 corrupti,
610 2955 640 3016 in
658 2955 701 3017 Po
797 2954 868 3016 Loci
891 2953 941 3034 qui
964 2953 993 3014 in
1016 2951 1057 3014 Po
1080 2951 1224 3032 corrupti,
1245 2953 1276 3014 in
1298 2953 1338 3014 νο

111 3077 221 3158 integri
240 3085 326 3139 sunt:
754 3075 861 3154 integri
882 3083 969 3137 sunt:

111 3198 181 3278 Jug.
204 3194 257 3275 31,
279 3197 300 3259 2
330 3219 338 3258 :
362 3197 401 3257 V:
424 3196 505 3258 inviti
753 3197 820 3276 lug.
844 3192 898 3270 85,
922 3193 978 3256 17:
1001 3194 1042 3255 P:
1065 3193 1177 3256 iaciunt

360 3319 401 3381 P:
423 3317 510 3379 inulti
1001 3314 1038 3374 V:
1061 3313 1169 3376 iaciant
1271 3344 1273 3348 ⁷

204 3433 259 3525 85,
280 3435 340 3501 td:
364 3438 402 3498 V:
425 3437 521 3501 sciens
543 3447 574 3501 et
754 3437 815 3499 Cat.
838 3433 941 3511 20,2
969 3456 977 3496 :
1000 3435 1040 3496 P:
1063 3444 1213 3517 expectata

362 3559 401 3621 P:
425 3558 522 3621 sciens
544 3558 595 3620 sed
1001 3556 1037 3616 V:
1061 3562 1190 3636 spectata

205 3675 258 3754 31,
281 3677 340 3740 25:
364 3679 402 3740 V:
425 3678 564 3741 amittatis
841 3675 896 3754 51,
922 3675 975 3740 15:
998 3677 1039 3738 P:
1062 3675 1158 3739 sevior

299 3778 302 3787 Ι
362 3800 401 3861 P:
422 3798 583 3863 obmittatis
1002 3797 1039 3858 V:
1062 3797 1191 3859 severior

111 3921 175 3984 Cat.
196 3920 251 3996 51,
272 3918 331 3985 34ε
358 3919 396 3981 V:
420 3920 475 3982 fuit
752 3921 819 4001 lug.
841 3919 894 4000 85,
921 3916 974 3982 13:
997 3918 1037 3978 P:
1061 3917 1163 3980 audire
1191 3929 1220 3981 et
1242 3919 1339 4000 legere

361 4041 401 4102 P:
423 4041 519 4102 luerat
834 4060 835 4063 ¹
999 4039 1039 4100 V:
1062 4039 1165 4103 audire
1178 4049 1229 4102 aut
1242 4040 1340 4120 legere

203 4161 256 4237 52,
278 4159 337 4225 26:
361 4161 400 4220 V:
425 4160 604 4222 miseremini
842 4157 895 4236 85,
915 4159 975 4222 tn:
998 4161 1039 4222 P:
1062 4196 1104 4206 -
1126 4159 1240 4241 flagitiis
1262 4197 1301 4205 -

358 4283 398 4345 P:
422 4281 619 4345 misereamini
1001 4280 1039 4340 V:
1068 4315 1098 4327 -
1113 4281 1338 4361 omnib.llag.—
