2910 4672
629 178 842 247 ..43-

126 374 202 421 sema
237 357 389 440 irrepsisse
418 364 566 437 putemus.
611 356 721 419 Verum
749 376 812 422 non
842 354 967 437 ‚‚veteris
996 353 1172 434 prosapiae“
1202 352 1348 433 glossema

123 478 158 541 ad
180 478 346 560 marginem
368 479 543 555 adnotatum
564 479 637 556 luit,
668 479 720 542 sed
743 480 929 559 „multarum
951 474 1154 557 imaginum“,
1184 475 1252 555 quia
1274 481 1349 536 teste

122 598 322 682 Quintiliano,
354 601 404 681 qui
428 601 458 682 1,
480 597 518 682 6,
540 597 584 663 ad
605 600 722 665 scribit:
753 634 815 680 „-
838 619 894 664 nec
922 599 1027 679 utiquc
1047 597 1085 659 ab
1106 595 1218 659 ultimis
1239 592 1347 674 etjam

121 720 283 783 obliteratis
303 721 426 803 repetita
448 721 650 803 temporibus,
680 722 776 804 qualia
798 729 869 784 sunt
889 720 1037 802 „topper“
1059 725 1088 780 et
1110 715 1295 807 „antigerio“
1318 723 1349 778 et

119 839 317 917 ‚,exanelare“
348 851 377 905 at
406 842 630 924 „prosapia“
661 849 691 905 et
716 841 863 904 Saliorum
891 840 1039 917 carmina,
1070 840 1117 902 vix
1145 837 1347 908 sacerdotibus

118 962 181 1026 suis
209 963 280 1024 satis
301 961 448 1025 intellecta
458 961 490 1045 ,“
519 970 674 1039 -teste,
698 963 841 1044 inquam,
880 961 1062 1037 Quintiliano
1084 960 1240 1043 prosapiae
1259 975 1346 1020 voca·

118 1083 224 1147 bulum
250 1083 287 1145 ab
315 1083 443 1163 antiquis
470 1090 587 1146 tantum
616 1084 811 1165 scriptoribus
840 1090 1017 1165 usurpatum
1043 1089 1073 1144 et
1093 1078 1265 1166 Quintiliani
1284 1079 1346 1160 Jam

116 1203 304 1288 temporibus
325 1203 366 1265 ita
386 1203 536 1265 exoletum
557 1204 622 1286 tuit,
644 1212 678 1266 ut
699 1204 853 1286 explicatio
869 1202 1005 1266 vocabuli
1020 1202 1168 1284 plerisque
1179 1201 1250 1264 satis
1265 1208 1346 1282 grata

117 1325 210 1388 luisse
239 1325 382 1387 videatur.
427 1325 508 1398 Quae
531 1324 556 1386 si
579 1325 618 1387 ita
639 1333 727 1408 sunt,
750 1325 828 1407 Vus,
852 1325 884 1386 in
908 1343 967 1404 quo
990 1322 1066 1408 „ac“
1088 1322 1233 1406 particula
1255 1322 1346 1399 deest,

118 1445 302 1528 glossematis
324 1445 478 1526 vestigium
500 1446 599 1528 babet,
622 1447 704 1528 quod
724 1447 755 1509 in
778 1437 821 1508 Po
844 1464 970 1528 prorsus
992 1445 1122 1508 deletum
1144 1451 1198 1507 est.

225 1569 293 1648 Jug.
316 1563 368 1642 31,
393 1564 435 1628 14
456 1567 487 1628 iu
510 1567 553 1628 Vo
576 1566 651 1630 mire
673 1568 818 1651 scriptum
838 1576 900 1631 est:
924 1585 1022 1651 „quos
1038 1566 1137 1628 omnis
1150 1570 1226 1627 idom
1238 1581 1347 1645 cupere

116 1689 222 1751 eadem
247 1687 345 1751 odisse
372 1688 475 1751 eadem
504 1696 638 1751 metuere
665 1689 697 1752 in
727 1708 823 1753 unum
853 1686 981 1769 coegit.“
1014 1687 1201 1751 ‘Necessaria
1231 1686 1347 1749 videtur

117 1809 151 1872 Pi
179 1809 282 1872 lectio:
313 1844 377 1891 „-
399 1810 501 1872 eadem
523 1828 632 1892 cupere
656 1815 729 1872 -“.
773 1811 810 1871 At
832 1809 857 1871 si
879 1809 1096 1891 comparaveris
1115 1827 1192 1890 quae
1213 1810 1346 1873 bonatus

115 1930 248 1995 laudavit
276 1930 313 1992 ad
335 1931 401 1993 Ter.
425 1931 496 1993 Hec.
522 1929 551 2012 l,
572 1929 605 2012 2,
624 1928 684 1995 95:
721 1950 820 2013 „quos
850 1930 953 1993 eadem
982 1929 1080 1993 odisse
1108 1939 1138 1993 et
1158 1929 1261 1992 cadem
1283 1947 1345 1991 me·

116 2061 203 2114 tuere
232 2052 263 2113 in
286 2071 382 2114 unum
406 2052 523 2133 coegit“
547 2060 577 2114 et
597 2050 631 2112 vi
652 2053 885 2114 consideraveris
907 2052 1067 2115 lectionem
1088 2055 1182 2122 „ideae
1204 2052 1344 2132 cuperc,“

116 2193 177 2254 qua
206 2173 371 2235 sententiae
398 2173 585 2235 concinnitas
613 2173 717 2254 periit,
740 2181 805 2235 tum
832 2192 954 2236 mecum
980 2172 1186 2255 suspicabare,
1209 2191 1289 2254 non,
1312 2180 1347 2235 ut

115 2293 285 2356 bietscbius
307 2293 380 2369 vult,
403 2292 526 2369 „eadem
548 2296 701 2357 metuere“
718 2295 865 2376 glossema
880 2314 955 2372 esse,
977 2295 1029 2358 sad
1043 2295 1141 2376 ipsum
1156 2294 1229 2357 illud
1247 2293 1345 2372 „idem

113 2418 266 2498 'cupere,“
287 2415 369 2496 quod
391 2415 422 2476 in
446 2421 560 2497 textum
582 2416 739 2479 inductum
761 2437 778 2479 a
799 2417 992 2499 grammatico
1013 2417 1045 2479 in
1068 2416 1191 2496 „eadem
1215 2414 1343 2495 ouperc“

114 2544 264 2599 mutatum
287 2537 335 2612 sit,
357 2544 391 2598 ut
412 2537 518 2600 ceteris
539 2536 681 2599 membris
702 2538 906 2620 responderet.
950 2539 1037 2612 Quod
1059 2546 1157 2601 autem
1179 2535 1344 2600 llistschius

114 2659 197 2735 dicit,
220 2676 391 2739 perversum
413 2676 493 2734 esse,
516 2658 646 2734 eosdem,
670 2659 721 2738 qui
743 2659 834 2720 modo
856 2659 939 2721 omni
959 2667 1040 2722 metu
1062 2678 1094 2721 se
1115 2658 1254 2721 liberasse
1276 2657 1344 2721 dicti

116 2779 184 2862 unt,
206 2786 307 2843 tamen
328 2788 410 2843 metu
435 2779 467 2842 iu
490 2798 585 2842 unum
606 2779 728 2861 globum
750 2789 869 2842 coactos
890 2798 955 2842 esse
975 2780 1052 2863 dici,
1083 2779 1168 2841 nihili
1190 2787 1251 2855 est,
1273 2779 1344 2860 quia

123 2910 248 2964 nonest
269 2901 431 2978 sententia,
460 2901 492 2962 in
515 2917 610 2963 unum
632 2901 699 2962 illos
721 2908 841 2964 coactos
865 2920 928 2964 esse
949 2909 1032 2964 metu
1052 2901 1114 2983 jam
1135 2900 1264 2977 liberos,
1292 2900 1344 2963 sed

116 3021 196 3082 bunc
232 3021 330 3102 ipsum
366 3027 479 3082 metum
517 3040 568 3085 eos
603 3022 635 3084 in
671 3040 766 3084 unum
800 3023 950 3105 coegisse,
986 3031 1038 3100 ut,
1076 3030 1158 3084 metu
1185 3023 1218 3085 in
1248 3037 1344 3085 unum

116 3140 227 3229 coacti,
255 3151 336 3205 metu
365 3142 481 3205 liberati
510 3142 579 3208 sint.
624 3129 796 3220 Praeterea,
827 3143 859 3205 ni
880 3144 984 3220 fallor,
1014 3144 1163 3226 aptissime
1186 3143 1343 3207 llemruius

112 3263 211 3325 utitur
239 3262 336 3325 verbis
364 3262 453 3325 nullis
482 3262 546 3325 aliis
568 3263 625 3326 nisi
647 3264 755 3344 quibus
776 3282 900 3341 sensus,
928 3274 962 3328 ut
983 3265 1023 3328 ita
1045 3265 1160 3341 dicam,
1188 3250 1342 3346 negativus

113 3384 207 3465 inest,
237 3402 334 3464 neque
362 3384 480 3446 adhibet
510 3387 662 3467 „cupere“
686 3385 808 3448 verbum
831 3405 937 3449 sensus
957 3387 1054 3463 (vania
1076 3387 1114 3449 sit
1135 3385 1240 3472 verbo)
1256 3387 1343 3450 allis·

113 3503 224 3567 mativi.
269 3503 400 3566 Illustrat
428 3504 513 3566 enim
536 3506 680 3568 factiones
710 3508 857 3570 nobilium
886 3507 937 3589 qui
965 3528 1028 3571 non
1055 3527 1104 3570 res
1126 3525 1219 3570 novas
1240 3508 1342 3589 cupio·

113 3625 205 3707 bant,
239 3626 291 3687 sed
320 3644 395 3705 quae
425 3633 489 3688 tum
512 3635 597 3689 erant
618 3629 745 3690 retinere
768 3637 797 3691 et
820 3646 996 3692 conservare
1018 3629 1186 3692 studebant.
1231 3630 1341 3693 Contra

114 3744 240 3808 Catilina
261 3745 323 3807 Cat
338 3744 391 3822 20,
414 3745 436 3809 l
457 3748 495 3810 ad
517 3746 633 3810 sodales
656 3768 800 3812 novarum
821 3768 923 3813 rerum
946 3751 1156 3831 cupidissimos
1178 3750 1341 3814 rectissime

114 3865 202 3927 dicit:
233 3864 330 3944 „idem
358 3871 429 3929 velte
458 3875 547 3949 atque
575 3869 654 3932 idem
683 3875 774 3948 nolle,
810 3890 844 3933 ea
867 3872 987 3934 demum
1006 3873 1093 3934 firma
1115 3872 1243 3934 amicitia
1265 3876 1339 3935 esav
1379 3871 1380 3874 ’

221 3987 302 4058 Quae
335 3988 359 4050 si
388 3989 434 4049 his
463 3989 499 4051 de
527 3990 600 4052 locis
629 3999 710 4054 recte
734 3992 965 4072 disputavimus,
996 4000 1112 4055 constat
1133 3994 1164 4054 in
1189 3993 1231 4054 Vo
1258 3995 1340 4074 glos·

112 4114 258 4169 semotum
295 4109 416 4190 vestigia
453 4120 567 4173 servata
603 4131 684 4187 esse,
720 4132 796 4193 quae
830 4113 861 4174 in
899 4114 941 4175 Po
978 4133 1102 4194 prorsus
1139 4114 1234 4177 deleta
1263 4115 1339 4191 sint3
1413 4138 1416 4143 ’

113 4235 313 4306 nostrumque
359 4230 395 4291 de
428 4230 461 4291 Vi
504 4231 677 4294 auctoritate
710 4233 855 4313 judicium
892 4235 1096 4300 confirmatur.
1153 4236 1238 4298 Certe
1268 4232 1339 4298 'non

111 4355 172 4410 stat
189 4347 312 4410 Jordani
337 4348 508 4430 judicium,
529 4351 605 4413 Vum
633 4352 665 4413 iu
695 4360 779 4414 tanta
803 4353 1047 4436 interpolationis
1072 4355 1252 4433 summoue
1277 4369 1364 4422 een,
