2910 4672
682 149 896 216 ..23-

175 324 228 386 lib.
253 346 281 406 q.
304 333 364 405 opt.
387 329 538 386 coluisse.¹‘
581 323 619 388 Ut
641 325 676 386 ab
698 333 829 388 extrema
851 326 1014 390 sententiae
1036 341 1117 407 pane
1140 333 1339 415 incipiamus,
1372 331 1405 392 Vi

176 447 263 509 lectio
296 445 475 521 ,‚maluisse“
508 446 699 510 librariorum
722 447 918 527 negligentiae
940 450 1098 514 tribuenda
1119 464 1179 530 est;
1211 452 1405 516 antecedente

176 569 255 630 enim
294 572 425 648 „quam‘
464 566 607 647 particula
643 567 754 629 librarii
786 568 885 630 animo
918 571 1048 646 videtur
1064 573 1297 655 comparationis
1328 570 1404 632 ratio

176 690 331 752 obversata
352 706 436 763 esse,¹
457 695 486 751 et
508 689 651 750 mendum
674 689 715 750 ita
736 698 873 752 exortum
895 691 945 755 ille
966 692 1093 769 induxit,
1112 695 1287 776 praesertim
1309 711 1404 774 quum

175 811 264 893 paulo
295 817 363 872 ante
394 809 593 887 „maluerint“
622 810 783 891 scripserit.
829 812 887 874 Sed
917 813 965 876 cui
987 815 1045 878 hoc
1065 816 1245 891 „maluisse“
1268 815 1404 878 tribuen-

177 933 247 994 dum
278 932 333 1006 sit,
363 930 493 993 eundem
524 949 587 991 oon
614 940 688 1012 puto
717 938 814 995 cetera
837 942 987 1008 mutasse,
1017 937 1159 1015 quoniam
1181 937 1254 998 baec
1276 936 1404 999 consilio

176 1053 305 1135 quodam
328 1051 437 1133 scripta
460 1060 540 1127 sunt,
565 1051 682 1114 lectioni
706 1057 806 1113 autem
823 1054 1002 1131 „maluisse“
1020 1057 1178 1120 consilium
1195 1058 1291 1121 ullum
1306 1057 1405 1120 inesse

175 1175 299 1236 omuino
331 1173 387 1235 dici
417 1191 479 1233 non
501 1179 608 1253 potest.
652 1172 686 1233 ln
709 1173 814 1236 ceteris
838 1175 985 1237 assentior
1005 1176 1156 1245 Jordauo.
1179 1179 1230 1259 qui
1254 1197 1404 1259 gramma-

175 1295 268 1357 ticum
297 1295 398 1357 minus
427 1293 577 1356 eruditum
608 1294 743 1374 „possit“
767 1295 931 1358 correxisse
952 1306 1072 1372 censet,
1102 1299 1171 1378 quia
1194 1299 1352 1361 olleoderit
1371 1279 1420 1361 iu

176 1414 360 1496 conjunctivi
396 1417 527 1497 perlecto
559 1415 758 1491 „maluerint“
789 1424 857 1496 apto
888 1436 925 1478 ex
953 1417 1127 1498 imperfecto
1158 1423 1315 1501 „posset“;
1347 1439 1404 1497 „ex

176 1540 288 1598 matre“
312 1544 501 1599 autemeam
524 1535 688 1616 scripsisse,
711 1536 792 1615 quod
814 1536 994 1616 ignoraverit
1016 1540 1180 1620 ,‚gignere“
1203 1560 1266 1601 non
1284 1547 1404 1603 tantum

177 1659 303 1720 seminas
325 1658 400 1734 dici;
416 1671 465 1720 'ac
487 1675 543 1718 nos
565 1657 713 1731 addimus,
735 1656 917 1736 singularem
940 1679 1099 1722 numerum
1123 1681 1178 1741 pro
1200 1661 1309 1743 plurali
1332 1681 1404 1727 eum

176 1778 329 1857 scripsisse
358 1777 468 1851 videri,
499 1777 580 1856 quod
602 1777 711 1856 plurali
731 1796 858 1840 numero
883 1780 1057 1861 „patribus“
1080 1782 1125 1844 vel
1148 1782 1335 1858 ‚‚matribus“
1360 1783 1406 1845 uti

176 1917 229 1978 per
251 1903 342 1974 „aut“
365 1898 540 1981 particulam
564 1917 626 1960 non
648 1898 737 1961 licere
759 1901 918 1963 censuerit.
955 1903 1076 1966 Accedit
1097 1903 1177 1982 quod
1194 1902 1227 1963 Pi
1242 1903 1405 1967 lectionem

176 2020 352 2082 Plutarchus
374 2029 499 2084 testatur
521 2038 614 2101 quum
638 2020 755 2082 exhibet
776 2021 806 2081 in
830 2021 885 2083 vita
908 2022 991 2085 llarii
1015 2044 1041 2086 c.
1064 2023 1119 2085 lX:
1144 2017 1349 2100 ἐπυνθάνετο,
1373 2021 1399 2087 εἰ

173 2139 217 2222 μὴ
240 2140 292 2202 καὶ
315 2139 532 2215 conglutino
555 2139 710 2221 (Βηστίου
731 2141 782 2203 καὶ
801 2137 957 2223 Ἀλβίνου)
981 2141 1101 2207 οἷὀντοι
1125 2143 1296 2225 προγόνους
1313 2140 1405 2232 αὐτῷ

174 2265 295 2340 μᾶλλον
318 2257 356 2323 th
378 2257 532 2335 εὔξασθαι
554 2260 793 2342 παραπλησίους
814 2258 957 2344 ἐκγόνους
979 2261 1151 2328 ἀπολιπεῖν.
1196 2266 1238 2326 lla
1262 2265 1405 2328 hocloco

175 2384 236 2447 Vus
259 2402 383 2464 prorsus
404 2381 590 2463 abjiciendus
613 2391 668 2446 est.

281 2504 430 2567 Addamus
452 2523 535 2567 nuuc
555 2523 607 2566 cos
629 2503 722 2580 locos,
745 2501 796 2584 qui
817 2503 921 2564 eodem
945 2505 1035 2565 modo
1050 2506 1219 2586 corrigendi
1237 2506 1404 2586 cupiditate

175 2626 207 2687 in
229 2627 272 2689 Po
295 2625 429 2707 corrupti
453 2625 619 2687 videantur.
830 2697 833 2704 .

282 2747 391 2809 Seosui
412 2766 475 2809 non
499 2746 685 2808 satislaciunt
705 2744 737 2808 hi
760 2747 793 2809 Pi
815 2746 892 2808 loci:

281 2868 344 2930 Cat.
366 2866 419 2938 20.
442 2865 462 2930 6
492 2868 523 2929 iu
546 2868 589 2929 Po
617 2866 760 2947 scriptum
787 2876 848 2929 est:
879 2866 954 2946 „nisi
977 2868 1192 2949 nosmetipsos
1216 2867 1404 2931 vindicamus

175 2989 205 3051 in
227 2988 393 3053 libertatem
404 2993 433 3064 ,“
460 2989 491 3050 in
514 2988 575 3050 Vo:
598 3022 660 3066 ‚‚-
681 2986 736 3067 ipsi
758 2991 838 3066 -“;
867 3007 956 3068 quam
981 2989 1013 3050 Vi
1035 2987 1192 3051 lectionem
1215 3004 1314 3050 veram
1337 3007 1405 3051 esse

175 3129 191 3171 e
219 3118 280 3172 toto
310 3129 400 3173 sensu
428 3116 564 3192 apparet3
594 3108 716 3171 Catilina
745 3109 825 3170 enim
856 3109 941 3186 dicit,
969 3129 1002 3172 se
1028 3127 1158 3188 suosque
1181 3108 1264 3171 nullo
1285 3128 1322 3171 ex
1344 3108 1404 3171 alio

176 3231 232 3292 nisi
254 3252 290 3294 ex
311 3252 344 3294 se
366 3231 436 3312 ipsis
458 3231 583 3293 salutem
605 3248 723 3311 sperare
745 3250 842 3311 posse.

283 3352 345 3414 Cat.
367 3352 420 3427 20,
444 3349 484 3414 13
507 3351 541 3414 Pi
562 3349 720 3413 lectionem
744 3350 891 3432 „denique
908 3350 983 3431 *quid
1005 3349 1112 3430 reliqui
1133 3349 1294 3412 habeamus
1315 3367 1404 3429 prae-

176 3485 222 3536 ter
245 3473 382 3537 miseram
405 3474 555 3535 animam“
576 3479 657 3534 recte
678 3471 807 3535 editores
829 3471 1014 3552 rejecerunt3
1033 3470 1082 3535 bic
1096 3469 1175 3532 enim
1192 3469 1404 3551 conjunctivus

178 3595 378 3672 „habeamus“
402 3593 441 3656 ita
463 3594 585 3674 languet
606 3591 808 3673 orationisque
830 3593 888 3655 vim
910 3592 1035 3672 frangit,
1057 3600 1090 3654 ut
1111 3610 1166 3672 pro
1189 3600 1270 3654 certo
1292 3589 1404 3655 habere

176 3716 338 3797 possimus,
368 3713 540 3778 Sallustium
571 3712 724 3776 Catilinam
752 3713 900 3776 dicentem
929 3712 1048 3775 fecisse:
1080 3747 1144 3791 ,‚—
1162 3713 1305 3776 habemus
1327 3716 1405 3785 -“,

175 3845 209 3900 ut
237 3837 268 3898 in
291 3836 333 3897 Vo
363 3843 417 3898 est.
461 3835 632 3915 Eodemque
655 3834 744 3897 modo
765 3834 826 3896 Cat.
848 3831 902 3908 20,
927 3831 966 3896 15
989 3854 1051 3896 non
1074 3834 1108 3897 Pi
1129 3834 1285 3898 lectionem
1310 3834 1405 3911 „hor-

93 3965 94 3968 ’
176 3960 305 4032 tentur,“
327 3958 379 4018 sed
402 3956 432 4016 Vi
455 3957 656 4032 „hormntur“
680 3955 808 4017 editores
827 3963 1014 4036 receperunt,
1037 3954 1304 4036 langravium,
1327 3974 1406 4035 quae

175 4077 333 4140 indicativo
356 4078 442 4153 inest,
462 4078 500 4138 ad
523 4077 663 4139 Catilinae
686 4077 808 4139 consilia
829 4076 940 4157 optime
962 4076 1096 4156 quadrat.

283 4197 394 4261 Deinde
417 4200 480 4262 Cat.
502 4195 561 4273 20,
587 4197 627 4262 td
649 4198 682 4260 Vi
706 4197 793 4261 lectio
817 4195 981 4275 „utemini“
1006 4214 1096 4259 sensu
1118 4197 1310 4278 praeferenda
1331 4196 1406 4260 mibi

176 4318 300 4393 videtur,
322 4339 503 4401 quamquam
516 4295 665 4383 lordauus
680 4320 715 4382 Pi
735 4317 939 4381 auctoritatem
962 4325 1082 4381 secutus
1104 4317 1220 4399 scripsit
1243 4316 1404 4396 „utimini“
