2910 4672
681 133 896 202 ..19-

192 326 265 388 quas
294 307 357 388 ipse
384 327 404 389 p
427 307 522 370 httera
543 308 717 389 signaverit,
745 309 878 390 ejusdem
901 329 965 374 esse
985 329 1110 388 manus,
1138 319 1270 394 apparet,
1296 332 1317 394 p
1339 331 1405 377 cor-

182 437 328 492 rectorem
357 447 420 490 nou
452 437 568 491 tantum
592 431 668 493 Vum
697 431 748 493 sed
776 430 849 493 alios
877 432 963 495 etiam
995 432 1087 512 libros
1116 434 1276 496 contulisse
1300 433 1405 496 velex

179 570 235 613 suo
264 549 383 632 ingenio
410 559 442 613 et
466 550 589 613 scientia
618 551 762 632 quaedam
785 553 956 630 adnotasse;
987 573 1055 617 nam
1080 555 1141 621 Cat.
1162 553 1216 630 51,
1239 553 1280 617 19
1300 564 1405 617 contra

178 673 212 734 vi
240 681 271 735 ot
292 673 326 735 Pi
355 687 555 747 consensum,
587 671 620 734 in
643 671 751 751 quibus
772 681 817 737 est
838 680 1168 753 „supervacuaneum“‚
1201 697 1222 756 p
1244 675 1406 739 correctori

177 794 280 858 tribuit
300 796 448 858 lordanus
475 792 696 855 adnotationem
726 799 1032 874 „supervacaneum“.
1075 796 1187 859 Eodem
1217 797 1306 859 modo
1329 796 1353 858 P
1376 804 1405 857 et

178 917 201 977 V
223 915 415 978 consentiunt
434 914 495 977 Cat.
518 911 571 987 52,
595 909 652 976 13:
686 914 929 991 „formidolosa“‚
959 917 1013 979 sed
1031 917 1165 980 dordano
1187 924 1261 980 teste
1282 937 1302 997 p
1324 935 1403 979 corr.

176 1037 294 1100 exhibet
315 1035 568 1114 „formidulosa“;
590 1042 620 1096 et
640 1033 708 1114 lug.
730 1031 783 1109 31,
807 1032 848 1098 10
870 1054 963 1115 quum
981 1047 1011 1099 et
1031 1037 1062 1100 in
1083 1037 1126 1100 Po
1149 1047 1178 1101 et
1197 1038 1228 1099 in
1246 1037 1289 1098 Vo
1313 1056 1403 1118 „pro-

175 1158 265 1221 inde“
288 1158 437 1238 legamus,
459 1176 479 1238 p
499 1155 668 1218 adnotavit:
692 1154 856 1235 ,‚pcrinde“
878 1157 915 1218 cl.
938 1157 1005 1239 Jug.
1024 1155 1110 1234 85,9
1133 1159 1183 1221 ubi
1205 1159 1268 1220 PV:
1293 1178 1402 1234 „nemo
1434 1149 1437 1157 ’

175 1278 323 1360 ignavia“,
344 1299 364 1359 p
387 1287 484 1341 autem
508 1275 707 1356 transposuit:
731 1275 866 1356 „ignavia
888 1282 1018 1356 nemo“;
1040 1287 1070 1341 et
1092 1278 1223 1360 Jug.85,
1239 1278 1277 1343 l0
1299 1299 1403 1360 supcr-

176 1400 293 1481 scripsit
320 1398 523 1480 explicationis
551 1415 639 1459 causa
672 1414 741 1474 „·s·
767 1397 844 1467 ad“,
880 1400 960 1477 quod
990 1400 1155 1480 significare
1187 1401 1317 1478 „scilicet
1345 1401 1401 1463 ad“

176 1522 301 1604 opinor,
336 1519 501 1598 eodemque
531 1519 620 1581 modo
651 1519 713 1580 Cat.
735 1515 788 1593 20,
810 1516 847 1579 2;
885 1520 1049 1600 „prohata“
1079 1541 1169 1602 super
1200 1525 1401 1603 „expectata“.

176 1643 242 1705 Uno
264 1641 350 1704 etiam
375 1641 441 1702 loco
463 1641 530 1720 lug.
556 1637 629 1713 102,
653 1636 690 1712 8,
721 1638 772 1701 uhi
793 1638 855 1701 Pus
874 1648 967 1703 totam
985 1641 1225 1704 enunciationem
1246 1643 1360 1713 omisit,
1382 1663 1401 1725 p

176 1772 327 1827 corrector
348 1761 445 1824 verbis
467 1759 609 1841 suppletis
632 1760 705 1822 Vum
729 1760 838 1841 ipsum,
860 1761 890 1823 in
912 1780 972 1841 quo
995 1771 1041 1824 est
1063 1798 1124 1839 „-
1148 1783 1306 1846 perpessus
1329 1784 1401 1826 esse.

175 1889 240 1947 set“
264 1882 432 1947 emendavit
455 1901 548 1962 quum
562 1881 679 1963 scripsit
694 1898 804 1960 „quam
819 1881 896 1944 mala
910 1900 1069 1963 perpessus
1084 1888 1199 1959 esses“;
1221 1902 1401 1964 quamquam

176 2026 214 2068 ne
235 2006 308 2068 haec
330 2005 449 2084 qtridem
472 2022 540 2065 vera
562 2000 634 2063 mihi
656 2021 718 2064 esse
739 2001 826 2064 lectio
847 2002 980 2076 videtur,
1003 2005 1053 2066 sed
1077 2006 1183 2068 haece:
1223 2026 1400 2087 „perpessus

175 2132 238 2191 es“.
283 2126 341 2188 Sed
368 2143 403 2187 ex
432 2125 488 2186 hac
516 2123 701 2186 correctione
730 2125 855 2186 fortasse
876 2123 1019 2205 suspicari
1040 2144 1217 2205 possumus,
1254 2145 1347 2205 quum
1370 2127 1399 2189 in

174 2247 317 2310 hernensi
348 2245 490 2325 scriptum
519 2243 557 2305 sit
585 2277 647 2320 „-
677 2248 774 2306 esses“
806 2252 836 2307 et
863 2244 1107 2308 verisimillimum
1137 2246 1286 2321 videatur,
1323 2247 1401 2308 hano

174 2369 332 2431 lectionem
365 2367 395 2428 in
424 2365 458 2427 Vi
488 2374 517 2427 et
545 2363 594 2426 Ris
624 2364 782 2446 archetypo
813 2365 921 2439 fuisse,
956 2386 976 2446 p
1004 2374 1203 2428 correctorem
1232 2367 1264 2428 in
1297 2367 1411 2429 ceteris·

176 2507 296 2570 quoque
324 2486 559 2549 correctionibus
590 2505 651 2548 non
681 2495 741 2548 tam
768 2485 866 2566 ipsum
888 2487 964 2547 Vum
994 2505 1083 2566 quam
1112 2487 1185 2549 illud
1209 2488 1399 2569 archetypum

175 2609 352 2673 adhibuisse.
398 2610 479 2681 Quae
502 2626 595 2686 quum
617 2607 657 2668 ita
680 2607 758 2682 sint,
792 2615 892 2667 tamen
914 2605 969 2669 hae
991 2608 1190 2670 correctiones
1211 2629 1249 2689 p,
1287 2628 1399 2687 quaea

175 2732 208 2793 Vi
230 2729 406 2792 lectionibus
428 2728 584 2803 dillerunt,
614 2746 725 2809 paucae
748 2735 835 2802 sunt,
873 2736 1059 2810 comparatae
1082 2748 1150 2791 curn
1173 2729 1274 2790 multis
1296 2729 1402 2793 ceteris

176 2875 196 2935 p
217 2853 312 2914 littera
335 2849 473 2931 signatis,
495 2869 570 2929 quae
593 2867 661 2911 cum
685 2846 915 2910 vinctionibus
937 2848 1138 2911 consentiunt.

243 2994 246 2999 ·
277 2973 355 3033 Num
379 2979 477 3033 autern
500 2971 531 3031 hi
553 2971 612 3032 loci
633 2968 663 3030 in
675 2968 709 3030 Pi
728 2967 791 3048 jam
813 2968 983 3049 archetypo,
1005 2988 1041 3032 ex
1064 2988 1124 3049 quo
1148 2970 1196 3031 alii
1218 2969 1303 3031 etiam
1321 2971 1402 3032 codi-

176 3114 224 3156 ces
243 3092 369 3156 Parisini
393 3089 562 3171 transcripti
587 3097 668 3165 sunt,
690 3089 815 3150 correcti
836 3090 957 3165 fuerint,
979 3101 1012 3151 ut
1033 3091 1201 3152 Wollllinus
1223 3089 1402 3170 suspicatur,

175 3234 230 3296 ego
261 3215 396 3275 nondum
418 3231 473 3292 pro
498 3218 578 3272 certo
602 3209 715 3286 habeo,
753 3229 845 3292 quum
867 3228 965 3290 neque
988 3229 1061 3289 quas
1083 3210 1225 3273 lectiones
1248 3210 1338 3273 ceteri
1359 3211 1401 3273 illi

175 3336 292 3398 codices
321 3335 367 3397 his
397 3333 470 3395 locis
493 3331 664 3403 exhibeant,
703 3349 720 3391 e
741 3330 899 3395 collatione
920 3330 1059 3393 Dietschii
1081 3331 1278 3412 perspexerim
1304 3351 1401 3410 neque

175 3458 239 3537 ipso
261 3457 305 3518 Po
328 3477 378 3519 no.
401 3452 465 3517 500
493 3470 555 3513 non
576 3451 711 3532 inspecto
733 3450 894 3532 dijudicare
915 3451 1084 3533 potuerim,
1120 3451 1267 3515 ductusne
1290 3453 1401 3514 littera-

175 3596 243 3640 rum
262 3576 319 3639 illis
341 3578 372 3638 in
396 3571 630 3638 correctionibus
651 3571 785 3653 ejusdem
808 3591 915 3634 manus
934 3572 995 3634 sint
1016 3579 1104 3651 atque
1126 3570 1156 3634 in
1179 3571 1243 3654 ipso
1258 3572 1290 3635 Pi
1306 3580 1400 3647 textu,

175 3719 212 3761 an
234 3699 318 3760 alius.

282 3817 401 3881 Ceteras
423 3820 521 3875 autem
543 3815 761 3890 correctiones,
790 3811 918 3895 quaein
940 3812 983 3875 Po
1004 3820 1091 3896 sunt,
1120 3831 1180 3874 non
1204 3833 1267 3876 esse
1289 3833 1309 3894 p
1332 3833 1400 3876 cor-

174 3931 313 4007 rectoriS,
336 3954 370 3997 cx
392 3954 428 3997 co
451 3936 516 4016 ipso
538 3935 686 4016 conjicere
708 3953 884 4016 possumus,
912 3935 993 4014 quod
1013 3952 1100 4014 saepe
1122 3933 1303 4012 antiquiores
1326 3935 1399 3997 scri·

174 4060 295 4133 pturae,
332 4075 405 4136 quas
433 4056 464 4118 in
495 4057 654 4137 archetypo
684 4064 813 4118 servatas
841 4056 875 4117 Pi
897 4055 1035 4117 librarius
1057 4054 1299 4135 transcripserat,
1336 4056 1399 4118 aliis

151 4181 373 4239 commutatae
395 4186 484 4255 sunt,
507 4187 541 4242 ut
563 4178 624 4241 Cat
645 4175 699 4252 52,
720 4174 759 4240 d:
783 4175 964 4257 „implores“
987 4193 1041 4256 pro
1066 4174 1249 4255 „inplores“,
1271 4172 1324 4254 52,
1339 4173 1396 4239 28:

177 4294 433 4373 „immortalibus“
455 4320 510 4380 pro
532 4299 792 4378 „inmortalihua“,
813 4295 866 4373 52,
881 4297 938 4360 27:
963 4295 1133 4378 „coeperit“
1156 4313 1211 4376 pro
1235 4296 1399 4376 „ceperit“,
