2910 4672
620 158 831 224 ,³24-

81 394 84 399 .
110 339 182 410 ,‚er“
207 335 357 408 excidisse,
381 352 473 414 quum
490 334 528 396 P¹
545 355 581 397 us
603 355 692 415 quem
714 355 749 396 ex
771 335 876 397 eodem
898 337 980 397 loute
1000 334 1118 399 fluxisse
1133 353 1167 395 ex
1183 353 1245 413 quo
1261 332 1336 394 Pom

110 456 163 517 viri
185 456 264 518 dooti
287 457 487 532 consentiunt,
511 457 680 532 „severior“
703 456 766 518 sine
789 456 966 518 correctoris
987 457 1115 537 vestigiis
1129 455 1235 517 habeat
1249 465 1338 536 atque

111 577 259 640 rarissime
287 586 403 640 tantum
432 578 462 638 in
495 577 536 639 Po
570 583 626 653 „e“
658 597 713 658 pro
744 581 819 653 ‚‚ae“
850 577 994 657 scriptum
1024 577 1077 652 sit,
1105 578 1200 639 multo
1222 576 1339 657 saepius

113 703 188 775 ,‚ae“
211 718 267 780 pro
288 703 356 775 „e“.

217 816 361 900 rugus,
386 815 425 882 13
455 818 489 879 Pi
519 818 694 880 lectionem:
727 838 823 900 „quac
851 818 892 880 illi
921 819 1025 881 audire
1054 830 1079 879 et
1107 818 1204 898 legere
1230 818 1340 895 solent,

112 959 217 1003 eorum
247 949 360 1022 partem
393 940 468 1016 vidi,
498 939 552 1002 alia
583 948 701 1020 egomet
724 941 819 1020 gessi“
841 940 1031 1020 rejiciendam
1055 948 1086 1001 et
1108 939 1156 1001 Vi:
1181 949 1253 1014 „aut
1271 941 1339 986 ·-“

114 1062 310 1144 recipiendam
342 1081 407 1123 esse
437 1061 524 1122 etiam
545 1061 694 1123 Jordanus
723 1061 868 1123 concedit.
913 1061 979 1122 Non
1002 1061 1083 1121 enim
1106 1060 1263 1122 verisimile
1285 1070 1340 1135 est,

113 1182 284 1245 Sallustium
315 1182 358 1244 vel
380 1182 504 1244 Marium
537 1181 633 1243 dicere
654 1181 801 1258 voluisse,
827 1183 893 1244 illos
914 1181 1050 1243 homiues
1074 1181 1188 1242 nobiles
1209 1181 1288 1244 idem
1312 1190 1342 1244 et

114 1304 215 1367 audire
233 1312 262 1366 et
280 1305 387 1384 legere,
411 1304 462 1365 sed
477 1300 622 1364 sententia
638 1310 692 1382 est,
714 1301 768 1365 alia
791 1303 892 1364 audire
914 1322 975 1376 eos,
999 1302 1053 1363 alia
1069 1302 1178 1383 legere,
1202 1302 1286 1363 nulla
1301 1302 1343 1362 ri-

114 1425 191 1487 disse
219 1434 269 1488 aut
296 1425 436 1504 gessisse:
468 1431 556 1503 atque
585 1423 754 1486 consideres
784 1423 870 1485 velim
900 1421 1091 1504 partitionem
1122 1440 1197 1501 quae
1219 1423 1249 1484 in
1270 1441 1343 1484 ‘sen-

115 1545 204 1607 tentia
227 1545 365 1625 primaria
389 1553 434 1606 est
456 1563 581 1621 „eorum
604 1553 718 1624 partem
742 1545 817 1621 vidi,
847 1545 900 1607 alia
923 1551 1042 1624 egomet
1063 1543 1138 1624 gessi
1148 1545 1177 1619 ,“
1202 1543 1249 1605 oui
1273 1561 1342 1624 par-

119 1665 212 1728 titioni
237 1666 268 1727 in
291 1665 409 1728 relativa
432 1665 577 1726 sententia
600 1666 695 1746 aptius
717 1667 877 1746 respondet
899 1665 1045 1745 sejunctio
1069 1683 1123 1744 per
1144 1668 1234 1740 „aut“
1252 1684 1368 1744 quam,

117 1787 289 1869 conjunctio
312 1806 366 1868 per
388 1790 456 1864 ,‚et“
479 1786 653 1867 particulam
675 1788 760 1849 lacta.

176 1991 178 1994 y
224 1908 373 1970 Omissum
396 1907 524 1988 denique
547 1914 591 1968 est
612 1907 678 1986 lug.
701 1905 755 1979 85,
777 1905 819 1968 m
839 1908 869 1968 in
892 1906 935 1967 Po
960 1906 1156 1984 ,‚omnibus“;
1179 1906 1208 1966 in
1225 1906 1268 1967 Vo
1291 1926 1344 1970 au-

117 2036 176 2090 tem
205 2029 330 2109 legimus
360 2029 430 2107 „ubi
460 2049 491 2091 se
514 2027 654 2090 omnibus
675 2027 791 2108 flagitiis
810 2029 1024 2090 dedecoravere
1046 2027 1237 2108 turpissimi.“
1285 2029 1344 2090 Sed

118 2149 298 2226 „omnibus“
318 2151 506 2212 vehementer
528 2149 728 2226 desideratum
759 2149 913 2230 „flagitiis“
935 2149 1014 2211 enim
1038 2149 1180 2211 ablativus
1201 2149 1345 2211 attributo

118 2290 221 2334 carens
256 2270 343 2333 nimis
377 2271 449 2332 mihi
485 2271 626 2352 languere
655 2271 786 2343 videtur,
824 2290 918 2352 quum
945 2270 1117 2351 praesertim
1147 2270 1346 2351 superlativus

119 2392 321 2473 „turpissimi“
344 2401 494 2473 sequatur.

221 2513 369 2575 Omnibus
397 2513 442 2575 his
470 2513 543 2574 locis
571 2521 675 2575 contra
704 2530 825 2574 sensum
849 2511 883 2572 Pi
905 2511 1047 2574 lectiones
1069 2531 1132 2572 esse
1151 2520 1242 2591 puto;
1274 2533 1346 2574 cou-

118 2643 164 2697 tra
187 2634 399 2697 Sallustianum
429 2643 528 2696 autem
558 2653 644 2696 usum
676 2633 706 2695 in
730 2632 857 2695 PoJCat.
881 2631 941 2707 51,
964 2631 984 2693 5
1007 2631 1150 2711 seriptum
1181 2631 1254 2692 mihi
1281 2648 1345 2693 esse

120 2757 250 2819 ridetur:
275 2756 372 2833 „bello
395 2755 584 2817 Macedonico
609 2791 647 2800 -
670 2754 854 2816 Rhodiorum
878 2753 977 2815 civitas
997 2770 1105 2834 magna
1128 2759 1216 2833 atque
1231 2753 1348 2833 magni-

120 2880 174 2940 fica
204 2898 279 2958 quae
307 2877 411 2959 populi
432 2877 559 2938 Romani
590 2876 695 2958 opibus
716 2884 864 2949 creverat,
894 2875 983 2937 infida
1005 2886 1089 2952 atquo
1111 2874 1235 2935 advorsa
1259 2873 1349 2935 nohis

118 2997 211 3074 luit“;
242 2999 271 3060 in
294 2999 336 3059 Vo
366 3006 426 3060 est:
458 3033 519 3075 „-
550 2996 639 3058 iuflda
663 3008 688 3057 et
709 2997 832 3058 advorsa
863 2999 937 3070 -“‚
973 3016 1007 3058 ac
1028 2994 1153 3056 Wirzius
1177 3001 1257 3056 recte
1281 3014 1348 3056 mo-

121 3119 220 3181 nuisse
243 3120 367 3194 videtur,
389 3119 477 3200 paulo
493 3128 561 3180 aute
576 3117 747 3180 Sallustium
760 3116 911 3198 scripsisse
929 3134 1055 3196 „magna
1070 3127 1153 3194 atque
1169 3116 1348 3196 magnifica“

120 3240 284 3320 obeamque
313 3259 432 3303 oausam
454 3239 486 3302 Vi
514 3239 672 3302 lectionem
702 3249 737 3302 nt
763 3237 972 3319 elegantiorem
1004 3236 1242 3319 anteponendam
1272 3257 1349 3314 esse,

122 3380 214 3441 quum
243 3361 414 3442 praesertim
438 3360 593 3422 Sallustius
619 3352 761 3422 didtiones
784 3359 895 3422 variare
917 3361 1019 3422 soleat.
1064 3360 1160 3439 Atque
1181 3359 1258 3420 idem
1278 3377 1349 3438 per-

121 3482 195 3543 tinet
223 3483 259 3544 ad
281 3483 347 3563 Jug.
372 3480 423 3557 tl,
446 3479 483 3543 11
516 3480 567 3542 ubi
596 3480 628 3541 Vi
658 3481 814 3543 lectionem
846 3481 976 3557 „scelere
1007 3492 1032 3540 et
1060 3479 1217 3560 superbia“
1241 3486 1348 3541 contra

121 3604 216 3679 Pom,
244 3603 275 3665 in
305 3622 364 3683 quo
387 3611 432 3664 est
455 3638 514 3680 „-
541 3610 628 3682 atque
654 3605 732 3678 -“‚
761 3597 958 3682 recipiendam
982 3619 1046 3663 esse
1067 3608 1149 3680 patet
1170 3620 1186 3662 e
1209 3599 1347 3683 proximo

124 3727 252 3804 „atque“
275 3725 398 3802 (‚,lratre
419 3742 486 3784 meo
511 3730 599 3803 atque
627 3720 708 3801 ·—“).

222 3846 300 3906 Tum
323 3846 390 3924 Jug.
414 3841 465 3919 tl,
491 3842 529 3907 to
552 3843 586 3905 Pi
601 3817 701 3906 lectio
732 3864 768 3922 „a
796 3844 906 3906 latere“
927 3862 989 3904 non
1012 3842 1140 3904 Sallustii
1164 3850 1226 3918 est,
1252 3862 1348 3922 quum

124 3966 279 4030 Sallustius
308 3984 442 4046 semper,
471 3974 505 4028 ut
532 3965 562 4027 in
585 3966 628 4026 Vo
658 3973 717 4040 est,
748 3965 825 4027 dicat
854 3965 910 4042 „ab
940 3966 1052 4026 latere“
1081 3964 1118 4025 cl.
1142 3964 1208 4044 Jug.
1232 3961 1292 4039 93⁴,
1315 3963 1346 4026 2.

123 4086 195 4164 tot,
217 4084 248 4150 8.
299 4087 433 4168 Denique
455 4088 522 4167 lug.
544 4083 607 4163 85,
630 4083 671 4150 35
701 4086 735 4147 Pi
746 4086 851 4148 ‘lectio
883 4085 1077 4163 ‚‚mollitiem“
1108 4083 1286 4164 rejicienda,
1314 4084 1347 4146 Vi

124 4208 317 4288 „mollitiam“
341 4209 507 4290 recipienda
530 4216 584 4283 est,
606 4208 681 4289 quia'
695 4207 850 4270 Sallustius
872 4204 1011 4268 omnibus
1026 4204 1137 4268 ceteris
1160 4204 1233 4267 loois
1251 4206 1349 4267 forma

111 4329 235 4404 primae
255 4329 460 4393 declinationis
481 4348 553 4392 usus
576 4335 630 4392 est.
724 4340 727 4347 ’
813 4322 818 4335 ’
857 4321 860 4329 ’
965 4325 968 4332 ’
