2910 4672
245 112 307 176 Soli
338 124 436 177 antem
466 117 661 198 negligentiae
683 118 792 182 librarii
813 120 869 182 hos
888 118 926 180 Vi
946 117 1030 179 locos
1051 121 1208 198 corruptos
1229 113 1363 177 tribuen-

133 233 187 295 dos
209 254 273 297 esse
294 234 439 298 arbitror:
1437 316 1441 329 Ι

241 356 302 418 Cat.
326 354 379 438 51,
402 352 444 421 34
473 359 504 420 in
525 359 567 421 νο
599 369 704 424 contra
726 380 848 424 sensum
872 360 1018 441 legimusz·
1038 365 1092 435 „ut
1111 357 1152 418 illi
1176 355 1284 437 qinons
1306 355 1364 418 lla-
1436 348 1442 395 ³⁵

133 477 257 559 masippi
286 496 369 540 mors
398 479 521 542 laetitiae
553 481 624 552 fuit,
656 482 744 562 paulo
767 491 834 564 post
855 481 910 562 ipsi
932 478 1145 543 tmhebautur“
1167 486 1197 539 et
1218 477 1253 539 Pi
1274 477 1364 539 lectio

135 600 315 675 „-.s.uerat
346 603 399 648 Α
441 600 608 681 recipienda
646 602 718 664 mihi
748 603 873 665 videtur.
924 603 1036 664 Sensus
1064 599 1144 661 enim
1172 598 1304 681 postulat
1331 598 1364 661 iu

133 719 278 781 sententia
296 719 417 782 relativa
440 728 559 803 tempus
580 723 773 804 praeteritum
793 725 973 804 perfectum,
994 721 1030 784 ut
1050 721 1092 782 vis
1112 719 1255 800 temporis
1276 739 1364 800 prae-

134 839 210 900 teriti
241 840 404 922 imperfecti
433 843 530 906 lucide
560 853 715 926 appareat,
746 863 822 924 quae
851 844 925 906 ratio
956 851 1107 924 praeterea
1139 841 1247 923 „paulo
1269 843 1360 922 post“

132 959 229 1022 verbis
256 961 421 1037 indicatur;
449 960 520 1025 hnic
545 972 645 1027 autem
675 966 783 1028 rationi
812 984 874 1027 non
902 963 1042 1026 satisfacit
1063 962 1176 1041 „luit“,
1198 961 1280 1042 quod
1301 960 1362 1025 sive

131 1101 248 1145 merum
277 1084 441 1164 perlectum
471 1084 531 1147 sive
558 1086 658 1148 aoristi
680 1087 743 1150 vice
764 1089 894 1168 fungens
916 1086 953 1149 ab
975 1085 1122 1148 hocloco
1142 1101 1268 1165 prorsus
1289 1081 1362 1145 alic-

108 1218 204 1265 'num
226 1210 280 1266 est.

237 1324 300 1387 Cat.
322 1323 375 1400 52,
398 1323 440 1390 26
467 1326 496 1388 in
520 1326 564 1388 Vc
585 1337 643 1390 est:
679 1327 876 1405 „miseremini
898 1347 1005 1391 censeo
1026 1362 1071 1376 --
1090 1334 1180 1407 atque
1201 1324 1290 1387 etiam
1311 1343 1362 1386 ar-
1448 1374 1454 1405 ἶ

131 1453 226 1508 matos
248 1445 442 1523 dimittatis“;
468 1457 498 1510 at.
520 1449 660 1512 censendi
682 1449 805 1512 verbum
830 1458 860 1512 et
881 1449 1067 1530 subsequens
1089 1444 1283 1524 „cimianum
1303 1464 1361 1526 pro
1450 1420 1454 1431 Ι

130 1567 302 1648 imperativo
325 1567 457 1648 flagitant
479 1569 705 1649 conjunctivum
730 1571 980 1649 „misereamini,“
1003 1569 1087 1632 utin
1110 1569 1154 1631 Po
1177 1575 1230 1630 est.

239 1687 352 1750 Deinde
374 1697 478 1752 contra
500 1689 706 1754 Romanorum
731 1692 847 1754 dicendi
870 1690 1118 1754 consuetudinem
1140 1688 1204 1751 Cat.
1225 1686 1286 1763 52,
1317 1684 1360 1752 33

130 1809 162 1870 in
184 1809 227 1869 Vc
250 1809 393 1891 scriptum
416 1818 476 1872 est:
506 1811 552 1888 „si
574 1811 618 1874 dis
640 1825 724 1893 atque
746 1813 917 1876 hominibus
938 1831 1080 1894 umquam
1102 1811 1172 1874 ullis
1193 1809 1360 1892 pepercit“,
1427 1870 1431 1875 .

131 1936 210 1991 recte
231 1930 262 1992 in
276 1930 338 1992 Po:
362 1930 407 2008 „si
429 1931 473 1993 dis
495 1943 544 1993 cat
565 1933 647 1996 hom.
665 1937 746 2013 —-“;
770 1934 902 2016 negativa
923 1933 1002 1996 enim
1025 1931 1189 1995 sententiae
1209 1931 1252 1993 ris
1265 1932 1358 2009 „aut“
1451 1982 1454 1993 .

129 2059 243 2114 rectum
274 2071 337 2114 esse
367 2053 511 2131 ostendit;
537 2062 567 2117 et
598 2073 690 2136 quum
720 2055 849 2118 formula
880 2056 929 2133 „di
952 2063 1040 2135 atque
1061 2051 1219 2116 homiues“
1240 2050 1361 2132 saepius

130 2172 205 2234 ritae
234 2193 290 2236 usu
312 2173 516 2249 adhiberetur,
546 2174 680 2238 usitatior
702 2177 830 2240 formula
848 2177 961 2239 lucilius
982 2195 1073 2256 quam
1095 2172 1262 2235 inusitatior
1282 2172 1358 2235 irro-

129 2312 200 2375 pere
221 2295 328 2375 potuit.

237 2414 365 2477 Sallustii
393 2415 520 2496 denique
542 2424 647 2479 contra
669 2436 758 2479 usum
781 2416 924 2480 dictiones
946 2415 1077 2479 variandi
1099 2414 1161 2476 Cat.
1182 2412 1237 2489 51,
1262 2411 1303 2476 ta
1321 2411 1354 2473 in
1440 2394 1454 2479 i

129 2536 172 2598 νο
201 2536 370 2600 invenimus
394 2537 444 2615 „in
466 2537 593 2599 obscura
615 2538 702 2600 vitam
726 2541 857 2619 agunt“;
888 2539 919 2601 in
942 2539 985 2599 Po
1007 2544 1106 2599 autem
1129 2544 1189 2598 est:
1218 2568 1283 2611 „-
1304 2533 1357 2595 ha-

129 2657 240 2733 bent“,
271 2677 359 2738 quam
382 2658 539 2720 lectionem
562 2676 661 2720 reram
683 2678 748 2721 esse
768 2659 889 2742 J'udico,
919 2659 987 2740 quia
1009 2657 1112 2738 paucis
1133 2656 1268 2718 versibus
1290 2660 1360 2736 post

130 2778 219 2842 dictio
250 2778 357 2856 „uum
388 2780 502 2859 agunt“
523 2779 657 2859 sequitur
678 2787 708 2841 et
729 2779 901 2843 Sallustium
924 2780 1068 2842 dictiones
1090 2776 1221 2840 variandi
1241 2775 1357 2838 studio-

131 2900 279 2962 sissimum
301 2899 391 2961 fuisse
412 2907 537 2962 constat.

237 3021 301 3082 Jam
330 3040 400 3083 vero
429 3020 465 3082 ad
496 3038 548 3082 eos
576 3020 659 3084 locos
680 3022 850 3084 tractandos
872 3021 1063 3098 accedamus,
1092 3018 1201 3101 quibus
1220 3018 1298 3081 Pum
1321 3017 1358 3079 li-

128 3141 298 3204 brariorum
335 3160 436 3203 errore
473 3150 524 3203 aut
560 3125 738 3223 negligentia
775 3151 951 3224 corruptum
978 3162 1043 3205 esse
1070 3140 1261 3204 arbritamur.¹
1310 3138 1357 3199 lta

127 3266 195 3346 Jug.
216 3261 277 3340 85,
300 3261 340 3323 17
369 3263 518 3325 lordauus
548 3282 610 3325 non
639 3272 736 3341 recte,
764 3271 799 3326 ut
826 3264 949 3346 opinor,
979 3263 1112 3326 codicem
1135 3263 1213 3325 Pum
1235 3265 1357 3322 secutars

128 3383 259 3466 scripsit:
293 3384 392 3464 „quod
424 3384 447 3446 si
467 3383 536 3465 jure
559 3403 607 3446 me
629 3385 810 3466 despiciunt,
837 3385 949 3447 laciunt
967 3385 1047 3446 idem
1069 3381 1233 3463 majoribus
1254 3378 1356 3456 suis“;

127 3507 158 3568 in
180 3505 223 3566 νο
245 3505 387 3586 legimus:
409 3505 591 3582 ‚,-faciant
611 3506 715 3584 item“,
737 3515 767 3568 et
787 3518 970 3587 quamquam
991 3505 1021 3566 in
1043 3504 1158 3566 incerto
1175 3511 1229 3578 cst,
1251 3507 1355 3562 utrum

130 3629 249 3708 „idem“
271 3646 308 3689 an
334 3627 444 3706 „item“
468 3627 576 3689 rectius
596 3626 643 3703 sit,
666 3644 760 3708 quum
783 3635 812 3690 ct
835 3627 931 3706 „idem
954 3627 1070 3690 laocre“
1086 3634 1116 3688 et
1131 3625 1221 3703 „item
1236 3624 1356 3684 lacere“

128 3748 284 3814 Sallustius
315 3747 442 3810 scribere
464 3748 595 3829 potuerit
615 3754 705 3828 atque
726 3748 894 3830 saepissime
916 3746 1043 3811 faciendi
1064 3746 1186 3808 verbum
1210 3759 1280 3806 oum
1302 3743 1356 3806 ad-

127 3870 228 3933 verbio
251 3878 280 3931 et
300 3868 396 3930 dativo
420 3869 630 3950 conjungatur,
653 3878 732 3932 certe
755 3870 904 3948 „lacicnt“
928 3868 1150 3950 conjunctivus,
1174 3873 1209 3928 ut
1222 3864 1355 3947 genuina

126 3990 224 4066 lectio,
245 3989 401 4052 indicativo
427 3990 579 4069 „iaciunt“
600 3993 812 4072 praeferendus
834 4000 896 4072 est;
919 3990 1028 4052 Marius
1048 3989 1130 4051 enlm
1151 3989 1268 4068 lingens
1284 3985 1355 4067 iure

116 4133 155 4169 se
180 4112 222 4171 ab
247 4110 314 4172 istis
343 4110 453 4190 despici
475 4113 648 4174 cohortatur
671 4131 723 4174 eos
743 4112 871 4175 irridens
893 4118 927 4173 ut
947 4111 1017 4174 item
1040 4108 1150 4171 iaciant
1170 4104 1355 4188 majoribus3
