2910 4672
634 158 849 227 „23-

131 343 159 397 ot
179 336 218 397 ita
239 337 337 399 iacere
358 356 409 399 eos
430 345 587 418 oportere,
616 336 641 398 si
663 335 741 398 inter
759 336 873 416 justos,
902 340 952 418 qui
973 360 1061 402 snum
1084 341 1191 420 cuique
1212 336 1355 413 tribuant,

128 454 227 519 haberi
249 457 349 521 velint.
382 457 560 521 ludicativus
581 458 735 533 „iaciunt“
759 466 821 522 turn
844 467 959 522 tantum
983 460 1052 523 ferri
1072 468 1182 542 posset,
1204 457 1229 519 si
1246 456 1353 537 „jure“

128 575 271 639 vocabulo
308 577 417 639 omisso
453 586 482 640 ct
521 578 585 657 „si“
616 579 646 639 in
681 582 816 659 „quum“
846 587 960 642 mutato
991 581 1148 643 Sallustius
1174 577 1352 659 scripsisset:

128 714 242 776 „quum
265 715 312 759 me
336 697 519 779 despiciunt,
541 699 612 760 item
632 698 745 762 faciunt
765 699 928 782 majoribus
950 700 1041 762 suis.“
1086 699 1166 763 llaec
1188 707 1265 762 esset
1283 719 1353 765 sen·

127 815 218 881 tenda
239 817 330 881 animi
352 819 511 900 tranquille
531 819 743 897 ratiocinantis,
765 822 817 883 scd
836 821 970 902 periisset
991 820 1183 885 cavillationis
1197 820 1352 897 acerbitas,

125 955 200 1017 qnae
230 937 343 1020 optimc
370 939 407 1001 ad
429 939 512 1002 Marii
539 940 704 1002 orationem
728 942 863 1023 quadrat.
908 941 940 1004 Vi
962 949 1061 1005 autem
1083 940 1242 1005 lectionem
1255 941 1352 1014 ,stiam

124 1057 154 1119 in
176 1057 212 1121 Pi
240 1059 400 1140 archetypo
429 1060 518 1123 fuisse
547 1062 671 1122 fortasse
702 1060 811 1141 conjici
838 1068 936 1142 potest
966 1079 984 1123 e
1012 1060 1139 1124 lectione
1159 1061 1269 1124 codicis
1289 1061 1351 1139 PPi,

125 1178 173 1258 qni
204 1179 240 1241 ad
269 1178 349 1243 idem
369 1181 563 1262 archetypum
585 1191 674 1261 atque
696 1181 757 1244 Pus
779 1181 925 1245 Dietschio
949 1188 1022 1242 teste
1043 1190 1179 1244 exaratus
1200 1182 1350 1257 „iaciant“

125 1298 256 1374 miribet3
288 1319 470 1381 quamquam
491 1320 553 1363 non
575 1319 683 1381 magna
704 1300 766 1363 Po²
786 1300 947 1364 auctoritas
969 1300 1127 1363 tribuenda
1147 1308 1203 1363 est.
1246 1303 1305 1365 Sed
1326 1303 1351 1366 si

123 1420 303 1499 reputaveris
331 1420 376 1481 vix
405 1420 534 1483 dubitari
550 1433 669 1502 posse,
696 1421 769 1501 quin
790 1420 852 1482 Pus
880 1419 994 1481 alibro
1017 1421 1214 1503 transcriptus
1236 1423 1290 1499 sit,
1318 1423 1349 1485 in

124 1557 181 1618 qno
204 1539 264 1621 ,‚a“
287 1540 399 1602 litterae
421 1560 550 1622 superne
570 1549 705 1621 patentes
726 1541 851 1622 scriptae
873 1546 937 1621 ‚,u“
953 1540 1057 1602 litteris
1071 1541 1237 1604 simillimae
1253 1552 1347 1618 erant,

122 1667 154 1720 nt
182 1678 219 1720 ex
247 1660 293 1723 his
322 1661 437 1723 mendis
467 1671 602 1743 apparet:
634 1662 697 1724 Cat.
717 1658 771 1735 58,
792 1658 831 1722 t:
865 1668 1052 1740 „quantum“
1074 1681 1131 1742 pro
1153 1669 1349 1742 ‚,quantam“,

121 1776 172 1853 51,
194 1776 231 1843 8:
259 1781 453 1862 ‚,ingenium“
483 1800 539 1862 pro
570 1782 729 1862 ,‚ingenia“
751 1779 805 1855 52,
828 1779 887 1844 ii:
920 1782 1140 1857 „vocabulum“
1163 1803 1218 1864 pro
1241 1803 1349 1859 „voca-

119 1900 228 1962 bula“:
250 1900 275 1962 si
296 1904 386 1979 haec,
408 1902 545 1982 inquam,
568 1903 759 1983 reputaveris,
781 1901 866 1964 facile
887 1901 921 1963 Pi
943 1901 1095 1964 librarium
1118 1902 1276 1964 oculorum
1300 1923 1348 1964 er·

119 2038 188 2082 rore
210 2019 283 2082 illud
303 2021 447 2085 mendum
469 2023 623 2086 admittere
644 2023 776 2104 potuisse
798 2041 950 2102 agnosces.

226 2139 322 2202 Etiam
348 2142 450 2223 plures
479 2152 551 2205 sunt
570 2141 604 2204 Pi
632 2142 707 2218 loci,
736 2140 845 2223 quibus
874 2141 983 2204 menda
1005 2161 1040 2202 ex
1063 2143 1222 2204 oculorum
1244 2162 1346 2205 errore

116 2267 219 2323 exorta
256 2261 391 2342 suspicor
398 2281 408 2339 ;
445 2281 539 2342 quum
575 2272 675 2325 autern
714 2281 775 2325 non
812 2262 851 2324 ita
889 2261 1045 2342 perspicua
1082 2260 1158 2338 sint,
1193 2263 1250 2324 boc
1278 2262 1345 2325 loco

116 2380 328 2462 praetermitto.

224 2500 438 2582 Negligentiam
466 2511 565 2564 autem
593 2501 788 2564 librariorum
812 2502 919 2563 harum
949 2501 983 2563 Pi
1012 2499 1183 2564 lectionum
1206 2501 1345 2564 salsarum

115 2621 265 2703 originem
294 2622 384 2685 luisse
414 2631 504 2704 puto:
534 2622 596 2684 Cat.
618 2619 679 2696 20,
703 2620 724 2682 2
744 2621 775 2684 in
797 2620 839 2683 Po
862 2622 1003 2702 legimus:
1027 2622 1078 2698 „ni
1100 2621 1192 2684 vinus
1213 2623 1345 2703 fidesque

116 2751 212 2805 vostra
244 2750 387 2820 exportata
415 2744 515 2805 forent
523 2748 552 2819 ,“
583 2741 634 2804 ubi
662 2748 854 2822 „expectata“
884 2743 971 2804 lectio
1001 2741 1163 2822 quominus
1191 2762 1246 2823 pro
1276 2763 1345 2807 vcra

118 2863 167 2923 Vi:
189 2847 359 2944 „spectatai‘
383 2864 504 2942 seratur,
526 2871 685 2927 contextus
704 2861 854 2943 prohibet.

203 2983 315 3047 Deinde
337 2983 399 3045 Cat.
421 2980 475 3058 51,
498 2982 539 3045 15
568 3002 749 3064 quamquam
770 2981 936 3054 Jordanus,
976 2982 1019 3043 Po
1042 2983 1125 3063 quasi
1148 2983 1282 3046 addictus
1302 2986 1344 3046 Vo

113 3105 263 3180 iuimicus,
285 3103 417 3185 scripsit:
438 3138 500 3179 „-·
525 3104 560 3166 de
582 3088 679 3185 poena
703 3102 863 3177 disserunt,
885 3103 910 3164 si
931 3122 966 3167 ea
986 3103 1075 3184 paulo
1098 3102 1211 3165 saevior
1234 3103 1275 3178 (in
1298 3104 1342 3165 Po

113 3234 176 3289 est:
201 3222 353 3308 „sevior“)
375 3223 473 3299 fuit.“,
495 3232 594 3288 tamen
619 3221 751 3302 Wirzius,
773 3223 843 3284 item
866 3222 943 3284 Pum
965 3223 1006 3284 Vo
1029 3223 1257 3304 praeferendum
1279 3243 1344 3295 osse

113 3345 314 3420 existumans,
334 3345 392 3407 boc
420 3345 487 3407 loco
509 3345 543 3408 Pi
564 3343 723 3407 lectionem
744 3343 815 3406 ferri
837 3362 899 3405 non
921 3362 1009 3425 posse
1031 3343 1195 3418 contendit,
1216 3352 1245 3405 ct
1263 3353 1344 3408 recte

112 3474 197 3548 puto.
242 3464 316 3527 Nam
340 3462 537 3528 etiamsinon
560 3485 628 3527 oum
650 3464 795 3545 Herzogio
817 3464 848 3525 in
871 3463 1044 3547 conjunctis
1061 3462 1211 3525 vocabulis
1234 3465 1344 3544 „paulo

113 3587 249 3649 saevior“
274 3585 540 3649 contradictionem
563 3585 691 3666 logicam
713 3584 878 3656 statuerim,
898 3594 998 3645 tamen
1020 3584 1078 3646 hoc
1099 3583 1240 3666 adjectico
1258 3603 1343 3659 „sae-

115 3706 200 3768 vior“
224 3706 331 3767 Caesar
358 3704 389 3767 in
415 3706 548 3768 oratione
561 3706 613 3768 uti
636 3725 698 3767 non
720 3704 881 3786 potuisset,
911 3703 967 3764 nisi
987 3723 1115 3784 poenam
1136 3724 1190 3787 pcr
1212 3725 1243 3766 se
1265 3724 1343 3767 sem·

114 3845 169 3910 pcr
195 3845 312 3889 saevam
341 3846 405 3888 esse
432 3827 603 3890 censuisset.
646 3827 705 3889 Sed
726 3826 815 3904 longe
838 3823 921 3885 abest
942 3823 978 3886 ab
1000 3824 1054 3887 ista
1076 3825 1215 3906 opinione
1237 3825 1343 3887 Caesar

115 3967 214 4036 neque
242 3954 328 4028 putat
356 3966 481 4028 poenam
513 3947 618 4010 delicto
647 3964 748 4029 parem
771 3962 834 4007 esse
855 3963 980 4026 saevam,
1004 3946 1072 4021 sed,
1093 3955 1127 4008 ut
1146 3966 1162 4008 e
1184 3954 1248 4008 toto
1270 3964 1343 4007 oon-

116 4078 200 4133 textu
221 4076 360 4151 apparet,
391 4067 474 4132 nulla
496 4068 531 4130 de
552 4068 606 4130 alia
628 4067 684 4131 nisi
705 4068 741 4128 de
761 4084 862 4127 severa
885 4040 981 4146 poena
1005 4067 1121 4147 cogitat.
1165 4066 1207 4127 Ac
1228 4065 1253 4127 si
1275 4085 1341 4145 gra·

117 4191 266 4253 dationem
307 4188 442 4262 adhibet,
477 4187 520 4250 uti
558 4196 657 4269 potest
683 4187 891 4251 tantummodo
920 4185 1082 4261 severiore,
1119 4205 1181 4248 non
1211 4185 1342 4248 saeviore

116 4328 224 4392 poena.
269 4308 306 4370 Et
334 4310 458 4371 sortasse
485 4328 520 4371 ex
542 4306 688 4389 scriptura
709 4307 744 4370 Pi
767 4307 904 4384 ,‚sevior“
927 4304 1036 4386 conjici
1056 4314 1177 4387 potest,
1201 4305 1350 4382 cubabam
