2910 4672
562 151 594 229 s
683 151 915 236 ,-dl-'

98 296 100 301 Ι
183 334 217 386 ut
237 328 323 391 etiam
342 327 373 389 Vi
394 327 581 403 lectionibus,
602 345 678 407 quae
701 347 754 408 per
774 348 805 390 se
818 323 1035 409 depravationis
1050 330 1175 410 speciem
1190 344 1251 395 non
1267 319 1393 409 habeam

177 446 249 508 tides
278 467 340 510 non
369 448 504 513 habenda
525 429 579 524 sit,
610 457 639 511 et
660 449 732 511 locis
754 450 795 532 eis
817 448 935 529 quibus
952 450 1062 513 codicis
1084 451 1241 532 utriusque
1262 453 1395 518 lectiones

137 541 140 546 ¹
177 586 297 630 sensum
336 570 478 653 habeant,
517 569 619 652 utique
647 569 707 634 Pus
743 569 984 652 comprobandus
1014 571 1069 654 sit,
1106 572 1315 656 reprobandus
1343 573 1397 641 Vnt

178 687 313 764 (Hermes
334 691 347 753 l
369 710 399 772 p.
422 687 508 772 239).
790 665 794 669 ‚
1166 773 1170 777 ‚
1311 685 1315 692 ’

156 821 160 828 ’
284 811 380 892 Atque
407 833 489 877 nunc
520 813 606 876 etiam
636 832 730 894 pauca
757 814 898 877 disseram
929 815 966 877 de
992 815 1088 878 tribus
1111 815 1203 892 luds,
1234 817 1286 897 qui
1310 836 1399 899 quum

96 910 100 919 ’
177 931 308 994 Jordano
337 933 369 995 in
392 906 449 1019 vo..
464 935 555 998 vitiati
582 934 754 1016 videantur,
771 909 987 1013 'gravissimam
1016 908 1160 1017 praebent
1181 957 1320 1022 causam,
1335 958 1402 1010 ,cur
1441 1009 1446 1018 ,

178 1050 222 1114 vir
244 1053 351 1146 doctus
359 1054 393 1116 Vi
415 1056 502 1117 tidem
524 1056 655 1121 infamet.
700 1055 771 1117 Dico
793 1056 876 1118 locos
899 1055 1066 1132 cuent.
1088 1056 1205 1133 5235.
1227 1058 1402 1153 Jug.2l,9,

283 1175 346 1237 Cat.
368 1174 458 1251 20st
479 1175 510 1239 in
539 1173 587 1240 Po
604 1175 746 1257 legimus:
781 1177 891 1259 „ceteri
919 1196 1033 1260 omnes,
1056 1167 1171 1253 strenui
1192 1180 1264 1258 boni
1277 1181 1404 1255 nobiles

96 1313 99 1320 ·
176 1304 264 1377 atque
293 1296 438 1377 ignobiles
466 1297 570 1380 volgus
600 1298 710 1361 suimus
742 1297 806 1360 sine
836 1318 880 1380 gr.
904 1290 985 1374 -’-’“,
1007 1299 1037 1362 in
1060 1299 1121 1361 Vo:
1150 1301 1260 1375 „ceteri
1287 1266 1411 1381 omnes,

145 1392 148 1397 ⁴
177 1417 248 1506 boni
269 1425 358 1499 atque
373 1409 512 1500 strenui,
541 1397 655 1482 nobiles
678 1429 707 1482 et
728 1401 891 1501 ignobiles,
920 1419 1025 1500 volgus
1047 1420 1158 1483 luimus
1179 1427 1254 1485 —“.'
1298 1424 1409 1487 Jorda··

96 1587 98 1591 ,
141 1606 143 1611 ‚
177 1559 234 1606 nus
260 1540 430 1616 contendit,
453 1540 519 1603 luce
540 1539 753 1615 essedarios,
783 1540 815 1602 in
837 1539 879 1601 Vc
903 1523 1169 1633 libidine-quadam
1185 1516 1406 1621 berhatrans·

32 1674 34 1681 ·
100 1641 101 1645 ¹
176 1660 270 1743 posita
301 1680 379 1737 esse;
412 1668 544 1725 ceterum
567 1661 600 1722 Pi
624 1643 750 1743 'quoque
780 1661 938 1724 lectionem
965 1680 1027 1725 non
1057 1663 1216 1740 genuinam
1240 1683 1321 1737 esse,
1351 1667 1406 1737 sed

176 1783 275 1846 locum
297 1802 420 1862 prorsus
443 1802 508 1845 esse
530 1791 714 1865 corruptum.
748 1783 846 1855 Quum
868 1781 949 1845 enim
972 1782 1145 1854 notionibus
1167 1784 1246 1847 inter
1260 1781 1293 1848 se
1306 1805 1406 1869 oppo-

91 1906 94 1911 ’
174 1900 238 1987 sitis
266 1904 402 1987 „nobiles
425 1940 465 1951 -
489 1905 655 1985 ignobiles“
685 1904 715 1967 in
744 1904 844 1985 priore
866 1921 986 1984 quoque
1007 1904 1142 1967 membro
1165 1905 1303 1974 nodones
1324 1907 1407 1989 inter

164 2043 207 2090 -se
234 2026 387 2108 oppositae
418 2009 589 2108 flagitentur
603 2053 604 2057 ¹
618 2032 647 2087 et
676 2024 804 2086 Sallustii
834 2023 968 2086 imitator
991 2013 1089 2087 Victor
1118 2027 1269 2089 exhibeat:
1289 2028 1405 2109 „boni

176 2147 315 2229 malique,
339 2147 454 2210 nobiles
477 2155 564 2227 atque
585 2127 763 2227 ignobiles‚“
784 2136 935 2226 praeterea
951 2145 1053 2208 similis
1068 2146 1106 2209 sit
1116 2148 1201 2210 loeus
1210 2139 1279 2227 Jug.
1289 2145 1404 2238 tim-2:

104 2292 106 2297 ·
176 2267 278 2348 ,iuxta
300 2268 373 2330 boni
394 2269 533 2351 malique,
554 2267 669 2331 strenui
692 2274 721 2328 et
741 2265 866 2328 inbelles
880 2270 954 2342 —,“
977 2267 1220 2331 verisimillimum
1242 2288 1318 2345 esse,
1340 2271 1405 2334 Sal·

176 2374 297 2452 lustium
327 2389 495 2470 scripsisse:
525 2389 619 2472 „boni
648 2385 792 2467 malique,
821 2386 936 2449 nobiles
965 2395 1053 2468 atque
1074 2388 1251 2470 ignobiles.“
1295 2390 1406 2459 Primis

174 2509 236 2591 jam
259 2511 382 2574 saeculis
404 2513 441 2574 ad
463 2508 578 2587 „b0ni“
599 2508 773 2571 adnotatum
795 2526 859 2570 esse
879 2508 1026 2589 glossema
1047 2509 1219 2591 „strenui“;
1242 2519 1332 2592 atque
1347 2514 1404 2579 boc

175 2631 353 2700 vocabulum
379 2640 482 2714 postea
511 2632 541 2693 in
570 2637 683 2694 textum
713 2627 875 2711 irrepsisse.
920 2629 964 2691 -At
991 2637 1086 2717 recte,
1116 2630 1237 2712 opinor,
1267 2649 1404 2713 quaeras,

177 2772 252 2834 quae
288 2747 405 2817 notioni
439 2752 552 2829 „boni‘
590 2751 661 2814 insit
694 2749 851 2811 difficultas
885 2757 919 2811 ut
952 2766 1018 2810 eam
1053 2750 1110 2813 alio
1140 2750 1231 2815 verbo
1263 2751 1400 2835 explicari

177 2893 297 2952 necesse
319 2875 367 2938 sit.
411 2874 449 2937 Et
470 2874 494 2936 si
516 2874 548 2936 in
570 2873 670 2955 priore
694 2891 813 2953 quoque
836 2870 977 2938 membro,
994 2852 1132 2934 notiones
1152 2871 1231 2936 inter
1253 2893 1285 2937 se
1306 2893 1405 2957 oppo-

70 3033 72 3039 ·
176 2997 246 3061 sitas
267 2996 417 3060 Jordanus
443 2995 590 3077 postulat,
617 3013 685 3056 eum
714 2995 838 3057 fortasse
865 2990 1029 3055 sententiae
1050 3001 1222 3056 contextum
1247 3014 1310 3059 non
1333 2997 1406 3061 satis

100 3174 102 3178 ,
175 3119 337 3200 respexisse
366 3135 512 3181 censeam.
557 3115 697 3179 Credisne
720 3113 891 3177 Sallustium
910 3112 1086 3189 Catilinam,
1115 3106 1165 3195 qui
1187 3091 1407 3197 conjurationis

146 3240 273 3303 ‚socios
302 3239 487 3303 inflammare
507 3246 546 3329 ‘et
577 3245 655 3300 totos
677 3254 748 3298 suos
770 3235 867 3298 lacere
888 3233 958 3297 velit
979 3233 1106 3316 ideoque
1128 3236 1281 3317 praedicet¹
1298 3258 1405 3305 eorum

174 3362 308 3445 ingenia,
337 3361 376 3424 ita
406 3360 579 3441 loquentem
602 3359 699 3422 iacere
720 3366 754 3421 ut
776 3356 826 3437 qui
849 3374 917 3418 eum
941 3356 1062 3419 audiant
1082 3355 1203 3420 eredere
1225 3359 1357 3441 possint,
1387 3381 1406 3433 a

176 3446 298 3546 Catilina
329 3482 493 3546 nonnullos
521 3481 672 3543 sociorum
700 3476 861 3561 appellatos
881 3497 946 3541 esse
967 3476 1085 3540 malos?
1114 3479 1188 3541 Nam
1209 3479 1329 3543 illorum
1350 3483 1405 3544 ad·

160 3605 350 3688 ,jectivorum
380 3622 500 3667 sensum
531 3603 567 3666 ad
590 3601 743 3664 Catilinam
772 3599 869 3681 ipsum
890 3607 929 3662 'et
956 3600 1054 3663 socios
1080 3607 1214 3681 spectare
1242 3602 1330 3664 etad
1352 3622 1406 3666 eos

24 3716 26 3721 ’
49 3691 58 3745 3
177 3725 366 3789 reterendum
397 3745 461 3789 esse
489 3732 613 3806 apparet
633 3743 668 3787 ex
690 3722 780 3786 verbo
805 3720 954 3798 „fuimus“
977 3740 1074 3802 neque
1095 3721 1224 3787 arbitror
1245 3725 1401 3791 Catilinam

85 3847 89 3855 '
175 3856 211 3910 ut
231 3847 382 3928 eleganter
405 3867 459 3928 per
481 3845 639 3911 antithesin
663 3844 837 3925 loqueretur
858 3840 955 3905 verbis
977 3862 1063 3906 usum
1073 3863 1140 3910 ,esse
1154 3846 1264 3928 quibus
1279 3847 1406 3913 tortasse

175 3968 334 4050 populares
363 3968 502 4032 laederet.
546 3967 700 4038 Praeterea
719 3985 735 4029 e
758 3964 899 4028 Catilinae
921 3964 1066 4026 sententia
1089 3966 1162 4029 nulli
1184 3978 1313 4056 possunt
1333 3971 1405 4033 mali

175 4110 239 4153 esse
273 4095 390 4170 praeter
419 4089 504 4163 illos,
543 4089 593 4170 qui
607 4087 834 4170 ‚rempublicam
866 4084 1085 4166 occupaverint.
1137 4088 1180 4149 lta
1211 4091 1346 4164 „strenui
1375 4099 1406 4154 et

174 4211 267 4275 boni“
287 4178 445 4275 retinenda
465 4210 537 4273 mibi
559 4211 705 4274 ridentur.
728 4245 771 4257 -
802 4208 878 4271 Tum
901 4214 1001 4270 autem
1023 4207 1230 4283 eratJordani,
1253 4209 1287 4271 Vi
1300 4209 1405 4274 lectio·

147 4351 243 4406 ,nem
266 4352 404 4413 ,prorsus
433 4331 636 4414 reprobantis,
673 4350 776 4395 causas
807 4330 928 4411 afferre,
958 4325 1013 4392 cur
1041 4311 1251 4431 grammaticus
1281 4331 1405 4413 quidem
