2910 4672
561 143 774 213 ..47-

56 316 257 381 dltlicultatcm
279 318 414 383 Hertzius
436 319 552 396 (Philol
572 319 626 382 XII
648 339 678 401 p.
701 316 778 399 378)
800 339 817 383 e
839 322 938 387 medio
958 322 1063 386 tollere
1083 321 1163 398 vult,
1187 339 1280 402 quum

55 437 125 500 dicit
156 438 252 517 „intra
282 441 400 507 moenia
433 443 540 521 atque“
565 441 690 505 delenda
712 460 787 504 esse.
831 443 907 507 Tum
929 463 1034 506 sensus
1056 451 1116 506 est:
1148 450 1202 520 „ut
1223 461 1279 505 nos

54 558 177 622 Catilina
197 579 266 625 cum
290 561 419 624 exercitu
440 563 537 644 palam
560 571 649 642 atqua
670 570 772 643 aperta
794 561 822 623 vi
843 551 1025 643 adgreditur,
1048 563 1088 625 ita
1102 563 1150 625 alii
1165 563 1280 626 occulte

54 680 143 743 nobis
171 681 306 744 officiunt
336 691 365 745 et
388 683 551 764 perniciem
578 682 761 760 moliuntur,
787 703 883 764 coque
911 683 1018 747 melius
1042 683 1072 746 id
1094 684 1190 747 lacere
1210 703 1281 764 pos·

53 810 143 878 sunt,
184 803 252 883 quia
289 823 345 866 nos
380 823 432 866 cos
469 804 552 884 qnasi
581 804 667 866 amici
695 804 754 866 sint
782 804 943 882 babemus,
981 804 1010 867 in
1038 805 1107 867 sinu
1136 805 1280 879 locemus,

53 932 86 985 nt
111 923 214 985 omnia
245 933 346 987 nostra
374 924 496 988 consilia
526 933 710 1005 cognoscant
717 928 746 1001 ;“
776 932 866 1006 atquc
893 925 976 988 hunc
997 942 1120 989 sensum
1143 943 1280 987 necessa·

53 1043 132 1106 num
161 1064 226 1106 csse
254 1053 335 1126 patet
358 1065 394 1109 ex
416 1045 458 1109 eis
481 1065 557 1126 quac
579 1054 762 1126 sequuntur:
787 1064 907 1126 „neque
928 1045 1025 1128 parari
1045 1063 1142 1127 neque
1165 1043 1281 1109 consuli

54 1164 216 1244 quicquam
238 1166 354 1231 occulte
375 1169 503 1248 potost.“
526 1201 571 1213 -
613 1167 691 1230 Sane
714 1167 832 1247 quddam
855 1166 957 1247 negari
979 1184 1040 1229 non
1062 1173 1170 1246 potest,
1190 1165 1281 1227 auda·

55 1284 169 1347 ciorem
192 1305 256 1350 esse
279 1287 438 1349 dictionem
460 1287 513 1349 sed
536 1306 599 1348 non
622 1306 698 1366 qnae
720 1287 791 1349 lerri
813 1305 876 1350 non
898 1285 1009 1367 possit3
1032 1285 1169 1348 facillime
1182 1293 1280 1348 autem

54 1406 193 1488 explicari
214 1415 328 1489 potest,
357 1408 508 1495 quomodo
531 1407 636 1483 lectio,
659 1426 733 1488 quae
756 1407 891 1470 nuncin
913 1405 1065 1469 codicibus
1087 1415 1147 1481 est,
1180 1414 1282 1471 exorta

54 1528 101 1593 sit.
146 1530 181 1592 ld
210 1529 309 1610 ipsum
340 1531 421 1610 quod
450 1528 548 1591 rarior
576 1528 664 1592 dictio
689 1536 751 1610 cst,
781 1527 885 1610 primis
904 1526 966 1608 jam
989 1527 1113 1591 saeculis
1134 1546 1282 1608 gramma·

55 1650 128 1715 ticos
151 1669 187 1714 eo
209 1649 333 1713 adduxit
354 1657 388 1710 ut
410 1649 446 1711 ad
468 1649 519 1732 „in
541 1648 630 1711 sinn“
654 1650 783 1731 glossam
805 1649 904 1731 „intra
925 1647 1064 1713 moenia‘
1086 1648 1281 1724 adnotarent;

54 1771 138 1835 lacdc
165 1780 265 1835 autem
293 1770 391 1851 glossa
415 1769 447 1832 in
475 1777 589 1833 textum
618 1770 722 1834 induci
751 1770 849 1852 potuit
877 1777 906 1831 et
933 1769 1055 1832 inducta
1076 1788 1130 1849 per
1153 1772 1282 1849 „atque“

56 1912 125 1955 cum
154 1892 208 1974 „in
232 1889 323 1953 sinu“
353 1891 515 1971 conjuncta
544 1901 595 1955 est
638 1890 744 1955 Postea
776 1890 904 1970 denique
926 1908 1020 1969 quum
1040 1888 1136 1952 verbis
1156 1889 1214 1950 illis
1234 1907 1283 1951 re·

55 2013 147 2094 ceptis
177 2011 387 2092 cognovissent
417 2012 491 2075 nihil
519 2013 638 2088 adesse,
667 2030 728 2092 quo
756 2019 836 2075 recte
866 2011 919 2093 „in
948 2009 1038 2072 sinu“
1068 2011 1282 2091 referretur‚a

55 2134 119 2196 riro
149 2133 236 2194 docto
268 2131 392 2213 ‚,urbis“
421 2141 490 2214 post
512 2131 564 2208 „in
585 2130 675 2194 sinu“
697 2132 842 2195 insertum
864 2143 917 2195 est.
962 2132 1050 2205 Quod
1072 2140 1169 2194 autem
1191 2129 1283 2212 expli·

55 2253 143 2318 candi
166 2272 252 2317 causa
274 2253 375 2329 „intra
397 2252 537 2315 moenia“
560 2234 609 2332 (cl.
632 2255 662 2333 ξ.
684 2251 740 2330 25)
762 2253 975 2315 adnotaverant
983 2240 997 2328 ,¹
1022 2261 1133 2316 rectam
1155 2251 1282 2333 explica·

54 2376 169 2439 donem
203 2373 418 2450 adhibuerant,
448 2382 596 2454 quatenus
618 2373 759 2437 Catilinae
789 2374 886 2437 socios
914 2383 1034 2437 senatus
1055 2375 1086 2436 in
1109 2373 1177 2435 sinu
1199 2373 1283 2452 quasi

53 2496 169 2561 amicos
195 2493 339 2571 habebat,
374 2514 467 2575 quum
496 2515 548 2560 eos
569 2495 607 2570 fin
629 2495 721 2577 urbe,
751 2495 830 2557 intra
848 2495 967 2558 incenia
983 2496 1088 2576 quiete
1109 2511 1232 2557 manere
1255 2501 1284 2555 et

55 2617 168 2683 versari
196 2616 323 2681 sinebat.
350 2652 394 2665 —
437 2616 592 2679 Praeterea
624 2635 679 2697 pro
707 2616 816 2679 Hertzii
843 2616 989 2679 sententia
1019 2623 1080 2691 est,
1118 2615 1198 2695 quod
1226 2613 1284 2676 illis

56 2739 155 2803 verbis
176 2737 278 2803 deletis
300 2738 354 2800 has
375 2737 450 2801 duas
471 2735 712 2800 annuciationes:
744 2737 887 2812 „Catilina
908 2756 977 2799 cum
1000 2735 1130 2799 exercitu
1150 2734 1284 2797 lancibus
1323 2704 1326 2712 Ι

62 2865 166 2940 urget“
196 2866 227 2921 et
255 2858 325 2940 „alii
353 2893 396 2905 -
424 2867 497 2921 sunt
525 2858 647 2920 hosam
677 2857 757 2920 inter
785 2875 818 2920 sc
843 2858 994 2939 oppositas
1024 2875 1088 2920 esse
1117 2875 1152 2919 eo
1175 2855 1284 2919 clarius

59 2990 195 3062 apparet3
219 2997 288 3041 nam
312 2997 374 3040 non
398 2979 488 3041 modo
510 2977 645 3059 subjecta
665 2958 831 3060 „Catilina“
854 2986 883 3040 et
904 2976 1007 3060 ‚,alii“‚
1028 2979 1079 3040 sed
1102 2976 1188 3040 etiam
1204 2994 1280 3055 quaa

57 3101 94 3164 de
122 3099 158 3163 iis
180 3100 336 3174 dicuntur,
367 3100 522 3177 ‚lancibus
544 3104 671 3182 urgere“
693 3108 724 3163 et
744 3099 797 3181 „in
818 3098 887 3161 sinu
909 3098 1005 3175 esse“‚
1036 3098 1187 3179 eleganter
1206 3097 1285 3160 inter

56 3241 89 3285 sc
118 3226 333 3302 opponuntur;
363 3221 389 3283 si
410 3240 479 3284 vero
503 3221 603 3304 „intra
624 3219 765 3283 moenia“
788 3229 818 3283 et
837 3219 963 3302 „urbis“
985 3219 1176 3301 inseruntur,
1209 3219 1285 3300 perit

58 3341 219 3424 elegantia,
248 3343 321 3422 quin
353 3342 440 3406 etiam
471 3342 560 3406 dictio
589 3341 747 3424 „lancibus
765 3339 871 3422 urget“
894 3341 1004 3404 mirum
1026 3341 1177 3420 quoddam
1197 3340 1285 3404 babet

58 3472 148 3544 atque
172 3462 403 3540 inconcinnum;
434 3463 515 3543 quod
537 3463 688 3547 sentiens,
711 3472 744 3526 ut
767 3462 891 3546 opinor,
913 3462 1059 3525 Linlterus
1081 3463 1285 3543 conjecturam

57 3605 143 3649 snam
172 3584 364 3667 excogitavit,
395 3603 455 3664 qua
482 3583 571 3648 scribi
593 3585 670 3648 vult:
693 3621 758 3668 ,‚-
778 3585 810 3647 in
832 3583 966 3647 faucibus
987 3582 1123 3645 Etruriae
1146 3582 1215 3664 agit,
1237 3583 1285 3647 alii

59 3742 101 3755 -
124 3715 213 3788 atquc
234 3705 265 3766 in
288 3714 392 3769 senatu
415 3713 487 3769 sunt
506 3705 636 3771 hostes.“
681 3706 741 3770 Sed
761 3705 787 3768 si
808 3705 849 3768 ita
870 3724 918 3769 res
939 3724 971 3766 se
993 3704 1124 3782 haberet,
1145 3703 1285 3785 explicari

59 3848 123 3892 non
151 3834 266 3910 posset,
295 3826 446 3906 quomodo
476 3825 581 3903 lectio,
610 3845 686 3907 quac
716 3847 798 3891 nunc
828 3826 860 3888 in
890 3824 1029 3888 omnibus
1058 3825 1210 3887 codicibus
1231 3832 1285 3901 est,

59 3957 162 4013 exorta
194 3947 246 4024 sit;
274 3966 371 4028 neque
402 3947 539 4011 credibile
567 3955 627 4024 est,
658 3946 832 4025 „Etruriae“
866 3946 997 4009 nominis
1024 3945 1141 4025 vestigia
1162 3965 1286 4027 prorsus

58 4070 180 4153 periisse
206 4078 236 4131 et
265 4067 457 4130 difficiliorem
487 4068 645 4133 lectionem
674 4087 729 4147 pro
752 4068 882 4131 faciliore
903 4069 934 4131 in
958 4085 1064 4129 omnes
1084 4065 1177 4128 libros
1198 4066 1286 4130 indu-

59 4202 139 4256 ctanr
166 4209 239 4253 esse.
283 4191 386 4271 ltaque
407 4189 525 4252 Hertzio
548 4189 693 4252 assentior
715 4196 745 4251 et
765 4188 936 4251 Sallustium
958 4187 1111 4269 scripsisse
1132 4186 1284 4249 existimo:

59 4312 130 4395 „alii
151 4312 183 4375 in
204 4312 271 4377 sinu
293 4319 364 4374 sunt
385 4312 516 4374 hostes.“
