2910 4672
60 782 64 863 l

291 422 329 488 8:
353 425 475 506 dispeeti
678 458 720 473 -
765 423 894 504 despecti

271 542 327 608 14:
349 546 473 625 reliquid
676 581 719 591 -
762 544 881 624 reliquit

152 735 155 740 ,
266 663 325 730 23:
348 667 415 728 exul
436 667 531 747 patrio
554 686 647 748 regno
677 697 720 712 -
764 684 799 727 ex
822 666 917 745 patrio
939 685 1032 747 regno

271 783 329 850 23:
353 760 476 867 tuasque
681 784 719 832 -’-
764 792 869 847 tuasne

267 906 326 978 242
349 909 400 971 sed
423 909 554 971 detessus
682 939 717 955 «-
763 906 787 967 si
810 906 941 971 defessus

192 1027 245 1105 24,
268 1027 289 1092 l
316 1051 323 1090 :
346 1030 499 1092 deortatur
680 1063 722 1075 -
765 1029 939 1092 dehortatur

194 1148 265 1223 102,
287 1148 325 1214 l:
349 1150 483 1214 ominum
676 1184 717 1197 -·
763 1149 897 1212 omnium

283 1269 323 1335 8:
345 1273 437 1335 multa
460 1273 546 1352 plura
682 1306 721 1316 «-
767 1271 861 1333 multo
884 1271 969 1352 plura

213 1391 315 1471 Neque
343 1394 451 1456 desunt
478 1392 536 1454 loci
564 1392 671 1472 quibus
698 1393 729 1453 in
752 1392 896 1455 Bernensi
916 1412 1002 1455 verae
1025 1391 1166 1453 lectiones
1187 1397 1272 1463 sunt,
1302 1387 1332 1449 in

112 1510 152 1570 ro
174 1510 280 1586 sareu
302 1514 357 1574 ce:
507 1480 513 1494 '

405 1635 428 1694 B
1019 1633 1042 1690 V

111 1751 247 1828 611120,
272 1751 506 1817 102h0minum
681 1791 718 1802 -
766 1752 918 1814 hominem

199 1871 295 1946 529
324 1873 526 1953 :pendebatis
678 1910 719 1920 -
764 1873 931 1954 ponderatis

214 2040 215 2045 η
274 1992 330 2056 15:
353 1994 572 2058 defendendum
681 2030 721 2042 -
766 1995 924 2057 delendum

109 2112 175 2194 lug.
199 2111 294 2187 dm
323 2115 436 2177 smalit
680 2149 721 2161 -
765 2115 859 2177 mallit

192 2280 194 2285 -
298 2233 336 2298 6:
358 2234 470 2315 expulit
681 2268 723 2281 -
766 2234 864 2315 expuli

281 2354 334 2419 ld:
359 2363 392 2418 ut
679 2390 724 2401 -
766 2364 796 2417 et
844 2399 849 2408 -

206 2472 279 2551 102,
299 2474 337 2540 8:
361 2495 449 2538 esses.
468 2477 518 2539 sed
679 2510 719 2523 -
765 2495 838 2538 esse.
861 2484 906 2538 set
919 2476 982 2553 (sed
1000 2476 1170 2538 Sallustium
1186 2474 1335 2554 scripsisse

808 2597 961 2676 suspicor:
987 2617 1048 2676 „es
1066 2598 1152 2675 sed“)

218 2718 259 2778 lta
280 2718 352 2778 mihi
376 2717 441 2778 luce
462 2717 569 2778 clarius
591 2717 723 2794 videtur,
745 2719 778 2779 Vi
800 2718 952 2779 librarium
977 2739 993 2780 e
1014 2716 1158 2782 Berneusi
1179 2735 1241 2778 non
1263 2716 1336 2777 hau-

115 2837 193 2898 sisse.
237 2837 295 2898 Sed
326 2858 363 2899 ne
388 2836 416 2897 id
446 2836 564 2917 quidem
594 2838 716 2918 probari
743 2847 857 2921 potest,
885 2840 1065 2903 Beruensem
1097 2838 1176 2900 eVo
1205 2836 1335 2898 fluxisse.

118 2955 160 3017 Ex
189 2956 245 3019 illis
275 2958 352 3019 enim
375 2957 412 3035 Bi
432 2967 460 3019 et
480 2958 523 3017 νο
555 2959 765 3036 communibus
785 2960 901 3022 mendis
923 2960 1006 3022 lecile
1029 2970 1072 3020 cst
1094 2958 1130 3019 ad
1153 2975 1336 3039 cognoscen-

112 3079 200 3151 dum,
234 3078 283 3140 Bis
314 3098 433 3158 quoquc
464 3077 613 3140 librarium
643 3079 673 3140 in
703 3081 918 3143 transcribendi
945 3099 1034 3160 opere
1057 3098 1117 3139 non
1141 3095 1261 3140 sensum
1285 3077 1335 3138 sed

111 3200 223 3261 litteras
244 3208 360 3261 tantum
381 3199 552 3280 respexisse,
575 3199 612 3261 ita
636 3208 670 3262 ut
691 3201 932 3263 verisimillimum
956 3221 1018 3263 esse
1041 3198 1185 3272 videatur,
1208 3198 1232 3260 si
1256 3219 1271 3260 e
1293 3199 1335 3258 νο

109 3319 361 3400 transcripsisset,
392 3319 545 3381 librarium
572 3320 657 3383 etiam
690 3323 795 3384 menda
826 3341 900 3401 quae
929 3323 993 3383 solo
1016 3321 1047 3383 in
1068 3321 1111 3381 νο
1135 3327 1222 3395 sunt,
1254 3328 1337 3381 tran-

111 3441 291 3522 scripturum
314 3441 411 3502 luisse.
453 3441 510 3502 Sed
533 3440 652 3504 nonita
673 3449 727 3515 cst,
749 3443 786 3503 cl.
810 3441 892 3503 locos
914 3462 1002 3523 supra
1026 3441 1179 3503 exhibitos.
1225 3441 1335 3514 Quern-

112 3561 215 3622 obrem
239 3558 355 3621 codices
373 3560 448 3623 vum
470 3568 500 3623 et
520 3561 593 3623 Bern
615 3561 652 3623 ad
670 3561 788 3624 tertium
813 3564 979 3642 quendam,
1008 3581 1169 3624 commune
1191 3561 1338 3623 ambobus
1388 3607 1390 3610 ψ

111 3682 302 3762 archetypum
311 3682 354 3759 *),
385 3689 518 3743 exaratos
548 3700 619 3746 esse.
640 3681 776 3744 arbitror.
829 3683 927 3755 Quum
958 3691 1056 3745 autem
1079 3682 1165 3764 pauci
1187 3682 1248 3743 sint
1268 3682 1336 3756 loci,

112 3801 219 3882 quibus
242 3820 325 3863 veras
346 3792 539 3864 lectiones'in
562 3802 707 3864 Bernensi
729 3801 905 3879 invenimus
924 3804 953 3864 in
977 3804 1019 3864 νο
1042 3803 1139 3878 salsas,
1163 3822 1237 3884 quae
1261 3822 1336 3884 quo-

111 3924 201 3985 modo
223 3921 415 4003 corrigendae
437 3920 514 3996 sint,
544 3943 559 3984 e
583 3930 723 3985 contextu
746 3922 809 4003 ipso
833 3943 1014 4006 cognoscere
1033 3943 1208 4006 possumus,
1232 3923 1336 3985 deinde

196 4093 223 4156 *)
242 4090 326 4162 Cujus
350 4091 451 4147 saeculi
474 4091 526 4147 hoc
550 4091 724 4161 archetypum
748 4091 843 4158 tuerit,
867 4094 1021 4150 accuratius
1042 4092 1154 4149 definire
1171 4107 1224 4147 non
1242 4105 1337 4161 possu-

111 4211 185 4261 mue;
211 4195 259 4250 sed
277 4195 375 4250 litteris
393 4195 554 4263 capitalibus
574 4193 703 4263 seriptum
724 4179 810 4251 luisse
827 4197 1023 4267 conjiciendum
1041 4201 1084 4252 est
1100 4212 1116 4251 e
1134 4195 1168 4251 Vi
1186 4193 1290 4250 mendis
1307 4200 1338 4248 ut

112 4298 174 4371 Jug.
194 4299 253 4363 tto,
272 4304 302 4354 te
321 4302 418 4366 „eore“
436 4312 486 4368 pro
502 4297 605 4368 ,‚tore.“
674 4294 677 4301 ’
1116 4296 1119 4303 “
