2910 4672
617 149 832 223 ..23-

111 327 164 408 58,
190 331 244 394 l2:
268 322 516 415 „aggrediamur“
539 351 594 414 pro
617 332 884 413 „adgrediamur“,
915 335 981 414 lug.
1005 328 1058 409 31,
1081 329 1136 395 19:
1161 335 1336 414 „potentes“

111 472 166 535 pro
200 455 388 535 „potentis“,
422 453 475 515 alia
498 451 590 514 multa
612 454 744 533 ejusdem
769 455 894 536 generis
925 455 1031 528 'Quae
1049 466 1111 516 non
1134 473 1153 534 p
1175 453 1337 515 correctori

111 574 242 638 tribuere
264 575 403 655 cogeris,¹
422 574 447 637 si
470 574 656 651 consideras,
684 586 801 639 tantum
823 576 924 639 abesse
945 585 980 638 ut
998 574 1046 637 liic
1068 574 1242 637 vetustiores
1264 575 1336 637 scri-

112 702 214 776 pturas
236 696 281 757 vel
301 696 412 756 formas
434 703 608 775 aspernatus
630 696 683 772 sit,
707 705 740 758 ut
762 715 864 759 earum
883 695 971 758 luerit
993 693 1244 772 studiosissimusg
1267 712 1335 757 nam

111 834 130 896 p
159 824 312 878 corrector
340 815 490 880 adnotavit
521 815 657 893 tacut,
682 814 722 880 13
754 810 987 894 „f01·midulosa“
1002 860 1005 865 -
1018 832 1074 897 pro
1105 815 1334 894 „formidoloso

111 944 141 998 et
161 935 229 1015 lug.
253 935 303 1010 ll,
325 934 365 997 21
391 935 541 1016 „quujus“
563 956 618 1016 pro
642 937 779 1018 „cujus“.
824 937 935 999 Deinde
956 946 1114 1019 praeterp
1137 947 1337 1000 correctorem

112 1064 142 1118 et
163 1063 282 1135 praeter
296 1055 331 1117 Pi
352 1055 450 1136 ipsum
474 1056 626 1119 librarium
642 1058 685 1119 Po
708 1057 802 1120 codici
824 1058 1001 1138 corrigendo
1024 1059 1111 1121 ctiam
1131 1057 1222 1120 alium
1243 1077 1338 1138 quen-

113 1177 180 1238 dam
200 1184 401 1239 correctorem
424 1195 546 1257 operam
569 1177 697 1254 dedisse,
719 1197 843 1259 prorsus
862 1179 1051 1242 manifestum
1074 1179 1148 1241 mihi
1168 1179 1283 1241 ridetur
1304 1197 1340 1253 en

113 1297 179 1359 loco
201 1296 270 1378 lug.
295 1295 345 1372 rt,
366 1296 426 1373 21,
462 1297 515 1360 ubi
536 1298 567 1360 in
590 1317 694 1361 rasura
716 1306 776 1360 est:
814 1308 868 1377 „ut
892 1299 973 1378 (ille,
994 1300 1045 1379 qui
1065 1319 1147 1363 nunu
1172 1333 1222 1376 -,
1244 1301 1340 1381 gravis

113 1437 225 1499 poenas
246 1417 382 1501 reddat)“
406 1437 426 1500 p
447 1430 601 1482 corrector
620 1420 658 1482 ad
680 1419 843 1500 marginem
865 1428 946 1487 ructo
965 1420 1083 1502 scripsit
1104 1424 1195 1498 „ne“.
1239 1421 1340 1494 Quum

114 1547 212 1602 autem
239 1540 270 1601 in
298 1539 446 1618 Po'„ut“
476 1540 507 1602 in
537 1559 639 1604 rasura
668 1540 706 1603 sit
734 1548 763 1602 et
792 1539 922 1618 inr01,
960 1560 1049 1622 quoru
1067 1560 1107 1618 :ex
1130 1542 1233 1605 eodem
1258 1543 1340 1605 fonte

114 1668 203 1740 atque
224 1660 302 1723 Pum
322 1661 439 1724 linxisse
462 1669 588 1737 constat,
606 1672 690 1725 recte
714 1665 794 1740 „ne“
817 1661 905 1744 („ut“
927 1662 1175 1746 superscriptum)
1196 1664 1339 1745 legamus,

114 1782 307 1862 archetypum
334 1782 445 1858 horum
470 1782 605 1844 codicum
628 1782 795 1846 exhibuisse
820 1786 951 1865 „notet
971 1783 1004 1845 in
1025 1784 1072 1873 Po
1092 1803 1109 1844 a
1132 1785 1227 1865 prima
1249 1804 1341 1848 manu

116 1906 194 1979 „ne“
224 1902 371 1983 scriptum
397 1903 489 1966 fnisse
514 1902 598 1966 lacile
626 1903 806 1966 concludere
828 1923 997 1984 possumus.
1042 1906 1129 1978 Quod
1150 1906 1175 1966 si
1192 1904 1261 1986 jure
1283 1916 1341 1968 sta-

115 2023 245 2100 tuimus,
275 2022 356 2086 illam
379 2023 595 2086 correctionem
620 2027 693 2101 „ut“
717 2043 815 2105 neque
836 2025 891 2106 ipsi
914 2025 948 2089 Pi
969 2026 1089 2095 librario
1112 2044 1209 2105 neque
1232 2046 1252 2107 p
1274 2045 1341 2088 cor-

114 2145 239 2221 rectori,
262 2145 313 2224 qui
337 2149 417 2220 „net‘
439 2144 637 2220 adnotaverit,
661 2144 761 2210 debari
784 2159 915 2227 apparet.

220 2272 347 2378 Quoquo
384 2308 482 2362 autem
519 2300 608 2362 modo
646 2309 760 2364 ceterae
790 2302 991 2363 correctiones
1020 2320 1051 2364 se
1081 2300 1209 2382 habent,
1247 2317 1340 2378 quum

114 2420 313 2484 demonstrari
349 2428 412 2483 non
442 2421 536 2501 possit
566 2440 641 2501 quae
669 2421 726 2502 ipsi
751 2419 786 2481 Pi
814 2420 933 2483 librario
963 2421 1138 2484 tribuendae
1168 2421 1242 2500 sint,
1279 2441 1340 2484 non

112 2542 211 2604 solum
234 2512 362 2620 aequum
384 2540 546 2603 sedetiam
569 2541 767 2605 necessarium
789 2550 843 2614 est,
866 2560 932 2617 nos,
955 2543 1005 2622 qui
1028 2543 1160 2604 codicem
1172 2543 1248 2604 llum
1272 2562 1340 2605 cum

113 2664 156 2725 Po
187 2679 393 2744 comparemus
423 2670 457 2723 ut
486 2662 522 2723 de
552 2661 706 2742 utriusque
735 2663 843 2725 horum
872 2663 1009 2726 codicum
1031 2646 1205 2726 auctoritate
1226 2672 1340 2725 certum

116 2784 200 2846 nobis
218 2782 365 2865 judicium
388 2781 664 2860 sit,·corractiones
685 2783 725 2846 ita
746 2783 937 2865 perlustrare,
962 2782 1092 2862 utquae
1114 2784 1210 2866 prima
1232 2801 1339 2845 manus

117 2877 263 2985 scripserit
284 2921 510 2984 cognoscamus.
924 2880 928 2893 ¹
983 2902 986 2907 ⁴

221 3061 273 3123 His
302 3046 441 3142 expositis
471 3057 646 3122 accedamus
675 3072 758 3122 nuuc
780 3059 817 3121 ad
839 3058 975 3121 codicum
998 3040 1141 3121 lectiones
1164 3077 1340 3141 comparan-

113 3185 166 3247 das
202 3191 231 3245 et
264 3181 437 3264 colligamus
473 3168 629 3259 utriusque
658 3179 767 3242 codicis
796 3180 896 3255 locos,
934 3178 1069 3259 quihus,
1091 3174 1130 3242 'ut
1160 3189 1245 3242 antea
1274 3178 1342 3253 dixi,

113 3304 223 3367 menda
259 3303 378 3379 insunt,
419 3319 494 3382 quae
528 3302 636 3364 menda
670 3319 734 3365 esse
770 3301 868 3364 statim
905 3286 1111 3381 intelligantur
1147 3320 1343 3381 verarumque

112 3424 276 3488 lectionum
299 3423 418 3507 vestigia
441 3414 527 3486 etiam
552 3442 634 3485 nnnc
656 3422 793 3487 habeant.
838 3421 882 3483 En
905 3421 996 3484 habes
1018 3429 1048 3483 et
1062 3418 1096 3482 Pi
1117 3429 1146 3482 et
1161 3421 1194 3483 Vi
1217 3422 1342 3485 mendo-

112 3566 181 3610 rum
205 3544 306 3619 series,
324 3545 431 3626 quibus
452 3544 510 3607 loci
532 3543 622 3609 additi
642 3552 714 3606 sunt
732 3541 829 3605 verbis
851 3538 1028 3622 quibusdam
1052 3541 1230 3623 negligentia
1245 3545 1336 3643 omis3

113 3667 154 3732 sis
176 3666 326 3750 corrupti:
357 3759 359 3763 Α
518 3654 520 3659 ’
1035 3648 1037 3652 ’

392 3840 427 3906 P.
488 3872 491 3877 ,
1035 3839 1067 3904 V.
1147 3858 1151 3865 ’

115 3964 177 4030 Cat
198 3961 253 4039 20,
266 3961 304 4029 d:
328 3980 369 4027 aa,
388 3961 456 4028 dem
484 3961 601 4023 infirma
631 3959 704 4022 ami·
756 3959 818 4024 Cat.
841 3956 1144 4048 20,10:2liominem
1169 3961 1258 4026 fidem

450 4082 515 4145 citia
537 4089 582 4143 est
1023 4082 1202 4166 {hominum
1224 4082 1312 4147 iidem

384 4205 442 4292 lea
471 4204 591 4266 demum
620 4201 705 4263 firma
913 4202 970 4266 ll:
992 4204 1074 4266 robis
1169 4288 1187 4297 a

449 4343 509 4391 aru.
747 4320 758 4331 ”
830 4300 853 4319 ”
988 4308 1185 4408 'luciis'
