2910 4672
681 148 916 223 -3d-·

101 362 104 368 ·
178 350 252 412 quae
274 332 395 413 indigna
417 340 502 412 sunt,
525 331 576 393 sed
599 332 685 394 etiam
707 332 734 395 ei
756 333 863 414 quihus
886 319 934 394 illa
956 341 1027 395 sunt
1047 333 1186 414 indigum
1212 321 1296 412 quod
1315 334 1349 395 fit
1369 333 1406 394 Vi

176 453 303 515 lectione
323 461 451 534 recepta.
679 540 683 549 ι
1410 532 1413 538 Ι

275 575 350 636 Tum
370 573 435 659 lug.
447 569 500 648 85,
511 569 569 635 32:
595 573 635 635 P:
659 592 786 655 „parum
807 573 942 655 placebat
963 545 1012 637 aas
1034 576 1135 652 (artes)
1159 573 1271 636 discam
1293 573 1404 654 quippe

177 701 251 774 quae
281 695 317 757 ad
347 694 483 756 virtutem
506 692 676 756 doctoribus
699 693 772 756 nihil
793 696 1000 778 prolueraut“,
1039 695 1077 756 V:
1113 729 1177 778 „-
1197 693 1403 776 proluerout“,

177 816 201 878 si
224 816 385 897 probamus
408 816 631 898 ‚,prolueraut“,
655 815 688 877 Pi
709 815 885 899 lectionem,
909 792 1019 878 Marius
1041 816 1128 892 dicit,
1151 835 1243 897 quum
1267 811 1404 877 statuerit

176 937 240 999 illas
262 946 338 1000 artes
361 957 422 1000 oon
447 938 576 1019 discere,
606 944 669 998 tum
691 955 756 998 sese
777 936 826 998 illa
848 956 936 999 causa
958 945 1141 999 commotum
1163 936 1222 999 hoo
1244 935 1404 998 consilium

179 1059 325 1141 cepisset
345 1060 391 1121 sio
427 1059 647 1140 „prolueruot“
677 1057 852 1138 recipimus,
889 1076 925 1119 ex
953 1056 1100 1143 praesenti
1131 1067 1265 1138 tempore
1295 1056 1405 1118 Marius

178 1180 295 1264 „Nihil,
334 1179 449 1261 iuquit,
484 1179 663 1258 profuerunt
691 1178 757 1239 illac
784 1185 860 1240 artes
882 1177 919 1239 ad
941 1177 1076 1240 virtutem
1101 1178 1291 1255 doctoribus;
1329 1195 1404 1259 quae

179 1301 326 1364 sententia
348 1308 380 1361 ut
401 1317 483 1360 nunc
506 1317 573 1365 vera
595 1307 655 1375 est,
681 1298 721 1360 ita
743 1306 807 1361 tum
831 1317 899 1362 vera
920 1308 984 1363 crat
1005 1319 1111 1381 meque
1133 1297 1289 1381 movebat,
1310 1317 1405 1378 quum

178 1422 368 1486 statuendum
398 1419 469 1482 mihi
493 1426 572 1495 erat,
608 1428 710 1483 utrum
733 1419 844 1482 litteras
865 1420 991 1483 Graecas
1013 1420 1124 1482 discere
1148 1419 1252 1482 vellem
1276 1418 1406 1482 necne.“

135 1616 139 1622 ,
179 1545 311 1618 Quamm
341 1541 503 1605 lectionum
537 1558 719 1623 quamquam
738 1549 865 1619 utraque
887 1541 963 1604 bene
985 1540 1055 1603 ferri
1077 1548 1175 1623 potest
1197 1550 1285 1622 atque
1308 1540 1407 1603 iocer-

179 1674 242 1726 tum
264 1663 378 1726 videtur
399 1673 465 1725 utra
487 1664 529 1756 sit
546 1663 691 1744 genuina,
727 1671 826 1725 tamen
848 1662 924 1724 Vom
946 1661 1217 1744 comprobarem,
1256 1678 1351 1742 quum
1374 1671 1408 1722 ut

179 1793 264 1846 antea
282 1785 343 1864 jam
368 1784 493 1846 diximus
506 1798 543 1865 p.
567 1781 608 1846 23
633 1785 669 1845 ad
690 1785 757 1864 lug.
780 1781 833 1864 85,
856 1772 916 1866 17,
938 1784 969 1844 in
992 1782 1035 1844 Po
1057 1783 1171 1845 litterae
1193 1801 1210 1843 a
1231 1791 1261 1844 et
1281 1757 1308 1845 ιι
1326 1781 1407 1844 haud

179 1926 247 1969 raro
277 1913 499 1967 commutentur
519 1914 548 1967 et
569 1904 602 1965 Pi
626 1904 712 1966 lectio
736 1924 751 1966 e
774 1881 957 1985 grammatici
978 1904 1076 1967 studio
1098 1876 1208 1984 regulis
1230 1903 1267 1964 de
1289 1910 1407 1984 tempo·

58 2016 60 2020 Α
180 2046 247 2089 rum
277 1995 487 2087 consecutione
516 2025 711 2088 satisfaciendi
732 2025 844 2088 facilius
866 2044 956 2104 quam
978 2026 1011 2087 Vi
1036 2025 1120 2086 lectio
1144 2022 1282 2104 explicari
1303 2023 1406 2104 possit.
1446 2111 1448 2116 J

287 2145 385 2208 Minus
409 2145 536 2226 denique
558 2153 659 2226 aptum
682 2145 798 2209 ridetur
820 2146 892 2208 mihi
912 2132 1098 2238 Jug.102,5
1121 2144 1202 2223 quod
1224 2144 1255 2206 io
1277 2142 1320 2204 Po
1346 2153 1407 2206 est:

181 2286 310 2353 „magna
332 2265 439 2328 laetitia
462 2266 547 2327 uobis
569 2273 623 2348 est,
646 2287 707 2328 cum
728 2267 858 2330 letalem
874 2268 970 2330 virum
986 2267 1015 2329 di
1028 2284 1173 2329 monuere
1186 2264 1230 2328 uti
1245 2264 1409 2347 aliquando

180 2408 283 2472 pacem
314 2406 402 2467 quam
431 2386 543 2450 bellum
565 2385 689 2449 malles“
711 2406 799 2467 quam
822 2368 901 2469 quod
924 2386 955 2450 in
976 2388 1018 2449 Vo
1043 2387 1185 2466 legimus:
1224 2420 1307 2469 „-‚
1330 2389 1411 2464 quod

98 2487 99 2490 Ἴ
180 2521 210 2574 te
232 2509 306 2571 -“.
349 2512 460 2590 „cum“
482 2508 561 2569 euim
584 2507 712 2588 speciem
734 2489 883 2587 quandam
906 2509 990 2570 affert
1011 2506 1218 2589 dubitationis,
1242 2526 1314 2570 uum
1339 2524 1405 2570 vere

181 2633 317 2694 Bocchus
346 2647 362 2689 a
391 2628 436 2690 dis
464 2629 594 2690 monitus
622 2629 676 2709 sit,
714 2637 748 2690 ut
775 2647 879 2710 pacem
908 2645 996 2706 qoam
1018 2626 1129 2689 bellom
1152 2625 1265 2688 mallet·
1307 2626 1407 2697 Quum

181 2772 251 2815 uero
281 2748 427 2831 ejusmodi
457 2748 599 2810 dubitatio
629 2749 665 2810 ad
694 2757 868 2812 contextum
891 2765 952 2810 non
975 2747 1116 2827 quadret,
1150 2747 1260 2811 rectius
1281 2743 1405 2830 „quod“

181 2871 302 2956 probari
323 2860 446 2932 videtur.
467 2864 470 2868 ’
1299 2941 1301 2944 ⁴

290 2993 377 3054 Nunc
406 2991 514 3050 horum
535 3007 655 3069 quoque
676 2990 812 3053 locorum
833 2989 1068 3053 examinatorum
1092 2989 1182 3052 series
1204 3003 1408 3069 apponamus:

227 3114 298 3177 Loci
320 3111 370 3192 qui
392 3110 488 3171 in‘Vo
511 3111 644 3189 oomupti
665 3119 737 3173 sunt
864 3110 935 3172 Loci
958 3111 1009 3189 qui
1031 3111 1062 3173 iu
1085 3110 1128 3171 Po
1152 3109 1285 3189 corrupti
1307 3117 1381 3171 suut

186 3238 253 3317 lug.
277 3232 329 3307 31,
351 3231 409 3295 26:
432 3231 487 3293 uisi
522 3230 711 3294 vindicantur
739 3231 770 3291 in
821 3231 884 3292 Cat.
907 3230 960 3307 20,
1002 3229 1037 3292 6:
1060 3265 1101 3275 —
1124 3230 1343 3309 nosmetipsos

472 3369 542 3416 nox.
991 3402 994 3409 .
1085 3347 1164 3436 {ipsi
1207 3370 1209 3372 ’

449 3471 531 3554 {uisi
552 3468 731 3532 vindicatum
899 3448 959 3553 20,
984 3467 1039 3534 13:
1062 3471 1224 3534 habeamus

156 3667 157 3670 Ἴ
187 3598 247 3661 Cat.
271 3591 323 3671 33,
368 3592 404 3656 1:
427 3627 469 3639 ·-
489 3591 584 3673 patria
603 3590 655 3653 sed
666 3608 770 3653 omues
958 3660 960 3665 ,
1085 3588 1254 3677 {habemus

470 3714 547 3775 sama
570 3731 635 3792 exp.
905 3710 958 3790 20,
976 3710 1039 3778 ,152
1063 3713 1234 3785 hortentur

448 3833 585 3915 {patriae
606 3867 650 3879 —
869 3913 871 3918 .
967 3848 971 3918 j
1085 3834 1267 3913 {hortantur
1385 3824 1387 3829 ’

93 3937 106 4044 ¹·
181 3958 253 4039 lug.
276 3953 328 4037 31,
351 3953 407 4017 10:
427 3955 511 4033 quasi
527 3954 769 4029 eahonoreenou
907 3953 959 4029 20,
984 3951 1041 4018 162
1064 3953 1181 4018 utimini

59 4062 98 4082 ”
474 4075 597 4157 praedor
620 4074 687 4138 hab.
1004 4056 1006 4059 ⁵
1084 4071 1234 4160 {utemini

450 4195 516 4284 Ι-
539 4197 647 4259 honori
669 4215 730 4259 nou
907 4192 959 4293 51,
1003 4192 1042 4258 l:
1064 4196 1115 4276 qui
1151 4199 1236 4278 rages
1266 4229 1306 4243 -
1335 4214 1412 4260 con-

468 4319 597 4400 praedae
848 4328 851 4335 ’
1110 4317 1257 4383 soluerint
