2910 4672
619 173 830 240 ..52-

615 348 647 410 V.
945 346 1158 415 adnotationes.

773 469 863 532 videri
892 470 1117 533 contendamus.
1161 470 1255 551 Atque
1276 472 1331 533 hoo

774 590 840 651 looo
870 609 918 654 res
938 590 978 653 ita
1001 591 1157 664 sehabet,
1192 599 1227 653 ut
1247 611 1331 674 prae

773 710 879 791 positio
908 712 1022 775 facilius
1044 712 1134 777 inseri
1155 731 1246 792 quam
1269 713 1334 795 ejiei

772 831 910 910 potnerit.

109 943 238 1027 inpii,
266 943 304 1011 3:
326 947 457 1015 incertus
516 943 663 1008 incertum
687 953 732 1007 est

304 1088 371 1133 sum

179 1184 298 1264 ento:
322 1190 468 1255 eruciatus
515 1182 679 1248 cruciatum

181 1304 235 1385 85,
263 1308 301 1372 2:
325 1329 385 1390 quo
408 1331 443 1374 eo
516 1313 627 1385 quanto
649 1336 692 1352 -
711 1323 746 1366 eo

178 1426 232 1504 85,
261 1426 298 1493 3:
320 1432 408 1494 simul
431 1443 458 1494 et
515 1426 604 1489 simul
624 1424 737 1488 aerario
773 1427 840 1491 Non
857 1447 974 1510 sempor
989 1427 1145 1492 Sallustius
1160 1428 1271 1511 „simul
1286 1429 1338 1493 et“

304 1552 416 1615 aerario
438 1571 468 1635 p.
773 1558 912 1632 usurpat,
933 1551 985 1612 sed
1008 1550 1094 1613 etiam
1116 1569 1340 1632 nonnunquam

774 1690 891 1734 merum
912 1670 1044 1753 ‚,simul“
1067 1671 1104 1734 of.
1128 1668 1339 1755 Jug.1on,5;

773 1811 826 1873 ae,
849 1791 881 1852 ni
903 1790 999 1872 fallor,
1022 1789 1128 1853 omissa
1150 1789 1222 1874 „et“
1243 1793 1339 1874 parti-

773 1912 856 1993 oula,
879 1912 923 1972 vis
945 1911 1109 1975 sententiae
1130 1911 1224 1993 magia
1245 1931 1338 1996 auge-

772 2042 823 2095 tnr
856 2050 945 2112 quam
968 2032 992 2094 si
1012 2032 1121 2114 legitur
1141 2032 1251 2114 „simul
1275 2034 1338 2118 et“,

774 2173 831 2235 qua
870 2153 1083 2236 particularum
1121 2153 1339 2235 oonjnnotione

773 2274 885 2354 aliquid
912 2273 1023 2336 laxiore
1052 2272 1171 2336 vinonio
1198 2274 1338 2358 adjungi-

772 2405 822 2458 tur
852 2412 949 2474 neque
971 2394 1010 2456 ita
1034 2395 1178 2476 oppositio
1201 2409 1336 2480 apparet.

114 2504 305 2590 riguum:
329 2511 475 2593 imperare
516 2511 724 2592 imporatorum
772 2515 806 2577 vi
833 2514 961 2577 lectione
984 2523 1102 2597 recepta
1125 2533 1219 2595 quum
1239 2536 1336 2600 oppo-

302 2629 430 2710 jussistis
536 2632 611 2713 juss.
771 2636 886 2699 sitionis
927 2635 1002 2698 ratio
1041 2636 1148 2699 elarius
1184 2649 1335 2722 appareat,

772 2757 867 2819 ironia
889 2756 1052 2820 sententiae
1075 2766 1218 2840 augetur3
1244 2766 1333 2840 atque

772 2878 956 2941 verisimilius
985 2886 1044 2959 est,
1079 2879 1245 2961 „imperare
1269 2880 1336 2962 jus-

771 2996 870 3062 sistis“
911 2998 1071 3062 correctori
1108 2999 1208 3062 deberi
1244 3018 1338 3081 quam

772 3121 997 3203 „imperatorem
1015 3118 1114 3200 juss.“

180 3226 233 3308 85,
242 3228 299 3295 14:
322 3230 473 3313 objectan-
517 3232 685 3298 obiciuntur
772 3242 803 3304 Si
813 3241 940 3321 genuina
952 3240 1039 3303 leonio
1051 3249 1097 3303 est
1105 3239 1337 3325 ‚,ohioiuntnr“,

303 3359 352 3414 tur
770 3361 853 3424 facile
883 3363 1039 3425 oculorum
1069 3380 1170 3424 errore
1192 3361 1256 3425 fieri
1277 3383 1336 3444 po-

769 3483 843 3564 tuit,
879 3491 913 3545 ut
941 3483 1078 3546 librarius
1105 3480 1169 3565 „u“
1204 3482 1335 3549 litteram

770 3623 846 3684 quae
871 3605 901 3667 in
919 3604 954 3667 Pi
983 3604 1140 3686 archetypo
1171 3613 1243 3687 erat,
1271 3605 1335 3688 „a“

769 3725 864 3788 littera
886 3731 1083 3787 commutaret
1104 3726 1154 3804 (ei.
1176 3743 1206 3807 p.
1225 3720 1281 3805 23)
1304 3736 1335 3790 et

771 3847 819 3925 „i“
855 3846 982 3908 litterum
1021 3849 1073 3922 „t“
1102 3845 1214 3920 littera,
1253 3865 1333 3926 quae

770 3985 981 4047 nonnusquam
997 3966 1047 4043 „i“
1059 3967 1171 4029 litterae
1182 3965 1330 4031 simillima

769 4095 814 4150 eet
843 4088 891 4163 (oi.
922 4088 1072 4150 Wattenb.
1101 4087 1121 4150 l.
1152 4107 1178 4149 o.
1207 4107 1238 4169 p.
1259 4086 1328 4164 15):

768 4218 832 4272 tum
855 4207 998 4290 seriptum
1020 4216 1078 4272 est:
1117 4208 1326 4286 „obiotantur“
