2910 4672
620 166 837 234 ..27-

223 341 374 428 11131,
399 343 438 406 ld
464 343 621 408 Memmius
649 345 701 408 ubi
730 344 767 406 de
793 342 938 406 nobilium
967 335 1102 404 moribus
1130 334 1262 409 disserit,
1294 331 1344 413 qui

119 467 281 530 sacerdotia
310 475 339 529 et
367 465 539 530 consulatus
569 475 657 548 atque
687 465 854 548 triumphos
883 483 955 526 suos
985 466 1168 524 ostentantes
1196 452 1344 535 magnifici

118 607 169 671 per
185 582 250 650 'ora
281 587 387 651 civium
413 588 570 665 incedant,
599 588 710 671 pergit:
733 588 775 648 V:
800 586 944 670 „proinde
967 583 1052 665 quasi
1073 601 1108 642 ea
1129 580 1260 640 honores
1280 592 1342 636 non

121 710 246 791 praedas
264 709 415 772 haheanr‘
439 709 478 770 1³:
502 709 647 791 „proinde
669 709 754 790 quasi
776 729 809 771 ea
830 707 938 770 honori
959 724 1022 768 non
1045 701 1171 785 praedae
1186 699 1301 760 babean
1322 699 1343 730 “

117 830 149 891 ln
179 829 224 891 Vo
254 829 399 895 sententia
426 838 486 893 est:
518 831 602 912 quasi
631 848 665 893 ea
684 831 839 909 (honores)
861 827 1031 910 acceperint
1050 833 1080 887 et
1100 823 1245 894 habeant,
1275 816 1343 898 quia

116 950 150 1013 iis
179 952 261 1033 digni
292 953 367 1028 sint,
398 952 466 1035 qnia
488 952 569 1033 digni
591 952 651 1014 sint
673 952 723 1034 qui
745 949 965 1031 magistratibus
987 949 1193 1016 honorentur,
1224 960 1258 1002 ac
1281 957 1343 1000 non
1390 953 1392 957 ·

118 1073 252 1155 pervim
285 1092 318 1139 ea
345 1073 524 1155 arripuerint
555 1080 584 1135 et
611 1072 830 1154 occupaverint.
874 1070 907 1132 ln
931 1069 974 1132 Po
996 1066 1143 1131 sententia
1166 1072 1226 1126 ast:
1249 1058 1343 1143 quasi,

118 1210 209 1273 quum
227 1212 264 1256 ea
286 1202 429 1277 occupata
449 1194 587 1269 habeant,
610 1192 683 1254 nibil
703 1192 853 1275 antiquins
870 1191 980 1253 ducant
990 1207 1079 1270 quam
1095 1195 1129 1250 ut
1144 1205 1212 1248 vero
1228 1185 1344 1245 honore

118 1321 298 1394 augeantur,
321 1335 355 1377 ao
377 1335 438 1377 non
460 1315 489 1376 id
512 1322 629 1376 tantum
652 1320 741 1395 agant
763 1320 796 1375 ut
818 1311 932 1376 exiliis
954 1310 1067 1373 divitias
1090 1325 1179 1391 quam
1202 1302 1344 1368 maximas

119 1435 171 1498 sibi
192 1444 308 1518 parent.
353 1438 433 1511 Quas
454 1435 616 1499 sententias
638 1435 662 1496 si
685 1452 894 1517 comparamus
915 1440 946 1495 et
967 1430 1149 1494 conterimus
1171 1432 1343 1509 quaeante-

118 1557 226 1618 eedunt
253 1558 283 1638 ς.
301 1555 340 1620 9:
376 1595 436 1631 „-
468 1555 546 1619 taciti
589 1555 823 1637 indignabamini
859 1555 1006 1618 aerarium
1036 1550 1172 1633 expilari,
1200 1565 1285 1627 reges
1315 1552 1345 1606 11

116 1678 244 1760 populos
273 1678 383 1739 liberos
413 1677 514 1760 paucis
544 1678 693 1740 nobilibus
721 1677 843 1759 vectigal
869 1677 1016 1759 pendere,
1046 1691 1138 1755 penes
1165 1669 1286 1733 eosdem
1315 1673 1345 1727 ot

88 1839 90 1842 -
116 1817 263 1861 summam
287 1798 409 1878 gloriam
433 1806 462 1860 et
482 1816 636 1863 maxumas
651 1799 764 1861 divitias
780 1803 876 1874 esse,“
899 1804 988 1879 patet,
1013 1794 1045 1855 Pi
1060 1793 1219 1856 lectionem
1234 1786 1344 1869 optime

116 1921 151 1982 ad
174 1926 348 1982 contextum
373 1919 529 2004 quadrare,
552 1906 585 1980 vi
607 1920 763 1982 lechonem
788 1919 882 2010 multo
905 1917 1024 1992 minus,
1049 1933 1138 1997 quam
1160 1912 1199 1974 ob
1223 1926 1343 1972 causam

114 2042 188 2105 haec
209 2039 370 2121 rejicienda
392 2049 444 2102 est.

223 2161 300 2223 Tum
327 2163 395 2242 lug.
420 2147 516 2236 85,5
543 2161 574 2222 in
597 2160 639 2221 Vo
668 2161 810 2241 scriptum
841 2168 902 2221 est:
938 2176 1004 2220 mea
1032 2155 1174 2219 beneficia
1202 2155 1234 2216 in
1263 2171 1343 2214 rem·

113 2281 263 2366 publicam
298 2281 503 2363 1111111111,ιι
526 2281 657 2342 'in'Poz
692 2300 777 2357 „mea
812 2280 889 2343 bene
926 2280 1003 2340 facta
1032 2276 1210 2359 reipublicae
1237 2292 1342 2356 proce-

113 2405 221 2467 dunt.“
270 2403 336 2466 Non
363 2411 436 2484 puto
464 2402 519 2464 dici
548 2421 636 2484 posse
666 2401 807 2464 beneficia
836 2402 1014 2483 procedere;
1043 2406 1122 2461 certe
1151 2395 1342 2460 manitestum

112 2533 175 2600 est,
212 2524 295 2586 ilarii
326 2526 404 2586 banc
426 2542 490 2586 esse
506 2511 709 2598 sententiam,
736 2542 847 2603 aequos
869 2522 1024 2601 bonosque
1047 2518 1102 2580 sibi
1123 2518 1238 2591 lavere,
1275 2515 1342 2596 quia

113 2664 190 2727 quae
221 2644 297 2707 bene
326 2644 427 2706 lecerit
456 2644 501 2705 vel
531 2644 632 2719 iaciat,
670 2664 704 2706 ea
732 2643 911 2725 reipublicae
940 2654 1083 2724 prospere
1113 2640 1233 2714 cedant3
1268 2655 1343 2716 quae

115 2773 204 2844 agant
226 2766 351 2839 nobiles,
375 2785 436 2828 non
459 2764 638 2846 reipublicae
657 2764 909 2826 sed‘lactionibus
931 2771 1048 2825 tantum
1065 2759 1134 2822 usui
1144 2766 1223 2821 esse.
1266 2757 1340 2819 Pro-

117 2893 214 2964 pterea
236 2885 269 2946 Pi
299 2885 385 2947 lectio
413 2885 581 2966 recipienda
611 2892 672 2961 est,
709 2894 740 2948 11
759 2886 791 2946 Vi
820 2885 955 2948 lectionis
985 2883 1130 2964 originem
1152 2882 1192 2942 ita
1214 2879 1341 2960 explica·

116 3005 225 3068 verim:
250 3006 347 3087 „bene
376 3008 473 3067 iacta“
503 3005 599 3066 verbis
628 3007 789 3069 oculorum·
815 3024 916 3069 errore
944 3006 975 3066 in
1008 3003 1191 3079 „beneiicia“
1221 2999 1341 3062 mutatis

113 3127 324 3208 grammaticus
336 3146 429 3207 quum
441 3127 620 3189 desideraret
631 3146 690 3208 quo
704 3127 870 3189 accuratius
881 3126 1076 3188 definirentur
1085 3122 1237 3195 beneficia,
1253 3120 1342 3201 idque

112 3248 143 3310 in
156 3247 376 3328 „reipublicae‘
389 3249 481 3310 latere
493 3255 620 3328 putaret,
633 3249 848 3311 restituendum
860 3246 999 3309 ducebat:
1022 3245 1072 3321 „in
1084 3262 1146 3305 rem
1160 3242 1341 3325 publicam.“

223 3368 391 3430 Gravissimi
418 3376 515 3430 autem
544 3369 688 3431 momenti
717 3378 762 3431 111
782 3370 849 3448 lug.
871 3365 931 3441 85,
957 3363 1014 3440 16,
1046 3382 1134 3446 quem
1156 3364 1254 3424 locum
1278 3361 1342 3423 dili-

113 3489 233 3570 gentius
261 3496 419 3551 tractatum
446 3479 595 3551 Jordanus
622 3491 741 3551 tirmum
771 3490 998 3550 tundamentum
1028 3484 1133 3559 habet,
1164 3504 1224 3564 qno
1259 3485 1342 3545 nisus

113 3611 147 3671 vi
183 3618 296 3672 textum
335 3611 371 3671 ab
407 3609 671 3691 interpolatoribus
698 3609 804 3671 misere
833 3617 969 3671 vexatum
999 3629 1063 3671 esse
1091 3605 1255 3669 contendit.
1306 3604 1343 3666 Et

115 3750 191 3811 qnae
220 3731 256 3791 de
284 3731 342 3792 hoc
368 3731 435 3793 loco
456 3731 605 3793 tordanns
634 3730 720 3799 dixit,
749 3750 782 3791 ea
811 3738 890 3791 recte
919 3728 995 3791 dicta
1016 3748 1082 3791 esse
1102 3728 1172 3789 mihi
1195 3727 1341 3789 videntur.

115 3852 173 3913 Sed
204 3869 389 3933 apponamus
420 3870 495 3930 quae
521 3852 552 3912 in
582 3844 737 3913 codicihns'
763 3850 869 3931 scripta
900 3859 988 3912 sunt:
1016 3844 1056 3910 V:
1088 3851 1151 3931 „hc
1177 3848 1202 3910 si
1220 3847 1283 3928 jam
1306 3866 1341 3908 111

114 3984 204 4033 matre
226 3971 323 4034 Albini
351 3980 402 4034 aut
422 3972 535 4034 bestiae
563 3972 664 4052 quaeri
694 3977 804 4052 possit,
832 3990 921 4033 mene
949 3991 987 4032 an
1017 3972 1084 4032 illos
1115 3989 1150 4032 er
1174 3987 1240 4030 sese
1262 3968 1341 4048 gigni

115 4093 292 4164 maluerint,
316 4093 385 4174 quid
414 4112 612 4173 responsuros
642 4092 760 4155 creditis
789 4092 846 4152 nisi
875 4112 938 4154 sese
968 4092 1077 4154 liberos
1100 4110 1187 4172 quam
1211 4089 1340 4170 optimos

114 4213 296 4276 moluisse‘l“
332 4213 370 4274 P:
393 4215 458 4287 „hc
485 4212 508 4273 11
528 4212 590 4292 jam
613 4233 648 4274 er
671 4217 799 4289 patribus
821 4211 918 4273 Albini
941 4221 991 4274 aut.
1013 4211 1126 4273 bestiae
1149 4210 1250 4291 quaeri
1272 4229 1341 4290 pos-

114 4345 175 4410 sot,
204 4352 292 4398 mene
314 4354 352 4399 au
375 4335 442 4417 illos
460 4352 496 4394 er
518 4352 551 4394 se
571 4332 651 4414 gigni
673 4333 852 4408 maluerint,
881 4330 952 4412 quid
975 4299 1057 4414 resp.
1077 4333 1183 4404 cred,
1199 4328 1350 4390 11111111
