2910 4672
621 144 834 213 ..¹11-

114 332 163 386 ant
197 325 354 416 oculorum
385 344 486 388 errore
515 332 566 388 aut.
595 324 709 386 aurium
739 329 841 386 exorta
870 340 923 404 per
952 343 985 385 se
1011 336 1147 385 verarum
1174 322 1338 385 lactionum

113 446 231 527 vestigia
259 447 413 527 praebent.
465 447 581 519 Quibus
610 445 802 507 consideratis
829 443 989 525 dijudicare
1010 443 1192 524 poterimus,
1229 451 1338 523 quanta

113 564 261 646 diligentia
290 575 416 647 uterque
446 567 538 628 codex
569 565 765 647 transcriptus
787 565 841 641 sit,
871 564 949 628 salva
972 564 1159 645 quaestione,
1188 563 1248 626 utri
1269 563 1340 624 tides

112 685 248 748 habenda
280 687 317 749 sit
346 686 453 767 major.
498 687 578 749 Haec
599 687 678 750 enim
703 686 853 767 quaestio,
883 673 959 765 quaa
978 685 1057 747 illam
1081 685 1210 764 priorem
1234 702 1340 765 soque-

112 813 178 882 tur,
212 826 274 868 non
305 826 340 869 ex
365 807 482 869 mendis
511 807 550 870 ita
580 807 742 869 manifestis
763 805 910 887 proticisci
929 814 1043 887 potest,
1072 805 1125 867 sed
1147 824 1183 866 ex
1205 805 1248 867 eis
1268 805 1341 866 locis

113 946 189 1007 quos
219 946 309 989 sensu
338 947 400 989 non
433 936 568 990 carentes
591 935 691 991 tamen
713 934 765 989 aut
785 926 941 989 oculorum
965 946 1067 988 errore
1089 933 1141 988 aut
1163 924 1340 1006 negligentia

112 1057 163 1110 aut
190 1047 270 1110 mala
296 1048 466 1111 inusitatas·
481 1056 511 1111 et
539 1048 717 1111 difficiliores
740 1046 883 1109 dictiones
904 1046 1073 1128 corrigendi
1093 1046 1252 1127 cupiditate
1272 1062 1341 1107 cor-

112 1176 217 1249 ruptos
246 1186 310 1231 esse
338 1179 390 1232 aut
419 1189 455 1231 ex
477 1169 607 1232 Sallustii
629 1169 871 1231 Romanorumve
900 1186 957 1229 usu
984 1166 1100 1231 dicendi
1128 1175 1180 1229 aut
1207 1185 1242 1228 ex
1257 1186 1258 1191 ¹
1272 1183 1341 1228 sen-

111 1289 271 1351 tentiarum
302 1297 441 1352 contextu
472 1288 569 1351 lucide
598 1296 729 1370 apparet.
773 1288 907 1369 Denique
935 1306 1010 1350 num
1032 1287 1129 1368 aliqua
1152 1286 1290 1368 cognatio
1312 1293 1343 1348 et

114 1428 260 1490 quaenam
283 1411 446 1473 intercedat
466 1410 545 1471 inter
565 1410 622 1472 hos
643 1409 770 1485 codices,
792 1409 1000 1490 explicandum
1023 1408 1089 1472 erit.

221 1583 277 1646 Sed
309 1584 482 1666 priusquam
506 1583 542 1645 ad
564 1583 750 1666 propositum
772 1583 963 1654 accedamus,
993 1601 1086 1664 pauca
1110 1583 1145 1644 de
1168 1580 1242 1643 locis
1264 1578 1342 1641 dice·

114 1723 190 1778 mus,
215 1723 289 1784 quos
311 1704 342 1766 in
364 1705 434 1786 ipsis
458 1704 610 1768 codicibus
631 1705 674 1766 Po
697 1713 726 1766 et
746 1704 790 1766 νο
812 1712 863 1768 aut
884 1723 900 1765 a
923 1702 1018 1785 prima
1040 1710 1091 1764 aut
1113 1702 1149 1764 ab
1171 1701 1225 1763 alia
1248 1719 1341 1762 manu

114 1833 263 1886 correctos
301 1825 477 1888 invenimus.
530 1824 626 1888 Pauca
656 1833 772 1887 tantum
802 1825 832 1885 in
862 1824 904 1886 νο
934 1833 1067 1886 correcta
1096 1830 1184 1898 sunt;
1212 1822 1249 1883 ol.
1280 1823 1341 1883 Cat.

114 1943 165 2020 35,
189 1943 210 2007 d
240 1945 290 2007 ubi
314 1949 421 2027 „spes“
446 1927 623 2009 vocabulum
646 1953 732 2007 antea
755 1943 897 2007 omissum
920 1945 956 2005 ad
979 1944 1144 2024 marginem
1167 1942 1341 2004 adnotatum

114 2074 174 2142 cst;
198 2065 260 2127 Cat.
282 2062 388 2141 58,11
411 2065 462 2129 ubi
483 2066 544 2127 Vus
567 2065 758 2146 „impendet“
782 2063 871 2127 habet
892 2083 928 2126 ex
952 2063 1135 2145 „impendit“
1158 2069 1343 2137 correctum3

113 2186 179 2268 lug.
205 2184 317 2263 110,1
350 2185 401 2248 ubi
432 2189 541 2264 „eore“
564 2185 595 2247 in
617 2186 720 2264 ‚,lore“
744 2192 891 2247 mutatum
915 2192 968 2246 est.
1013 2185 1112 2257 Quum
1135 2185 1202 2264 lug.
1226 2180 1278 2256 31,
1302 2179 1342 2243 17

112 2306 163 2368 ubi
196 2308 273 2385 „ab“
304 2305 481 2391 praepositio
505 2306 612 2368 omissa
635 2313 713 2378 erat,
743 2305 908 2368 [lietscbius
929 2305 1177 2388 praepositionem
1200 2324 1217 2367 a
1238 2323 1342 2367 recen-

113 2429 189 2489 tiore
218 2446 309 2490 manu
339 2428 481 2490 insertam
511 2446 575 2489 esse
603 2427 803 2497 adnotaverit,
841 2426 983 2508 suspicari
1012 2446 1188 2508 possumuS,
1218 2426 1342 2487 sortasse

114 2546 201 2609 etiam
233 2556 344 2610 ceteras
373 2547 574 2610 correctiones
605 2546 653 2608 alii
684 2547 786 2608 manui
807 2566 842 2609 ac
864 2546 975 2609 librarii
996 2548 1087 2628 ipsius
1109 2547 1219 2609 deberi.
1262 2546 1343 2620 Quae

115 2687 207 2748 quum
235 2667 274 2729 ita
295 2668 371 2743 sint,
402 2677 500 2730 tamen
524 2667 680 2749 pauciores
701 2664 878 2748 leviorisque
900 2668 1045 2731 momenti
1064 2677 1136 2730 sunt
1157 2668 1187 2730 in
1210 2668 1254 2729 νο
1276 2686 1342 2728 cor-

116 2787 262 2850 rectiones
293 2809 381 2868 quam
410 2788 516 2868 quibus
538 2787 614 2851 νοω
644 2808 713 2853 vere
742 2797 887 2851 mutatum
918 2809 982 2852 esse
1008 2789 1077 2871 jure
1106 2789 1196 2852 dicas.
1241 2788 1275 2850 ln
1298 2787 1341 2849 Po

118 2914 212 2970 autem
241 2927 303 2970 non
325 2928 437 2991 paucae
460 2920 547 2983 sunt,
579 2928 654 2989 quae
677 2908 748 2988 quin
771 2929 833 2971 non
856 2908 910 2991 ipsi
932 2909 1052 2972 librario
1076 2918 1127 2972 aut
1151 2908 1203 2972 uni
1224 2918 1341 2971 tantum

116 3027 163 3090 alii
191 3029 293 3091 manui
319 3028 493 3092 tribuendae
515 3028 591 3106 sint,
620 3029 746 3092 dubitari
769 3050 831 3092 non
854 3037 961 3112 potest.
1005 3030 1077 3091 Nam
1100 3030 1202 3111 paucis
1224 3038 1341 3093 tantum

112 3149 245 3231 paginis,
267 3149 374 3230 quibus
396 3149 426 3212 in
449 3150 493 3211 Po
516 3149 664 3212 orationes
686 3151 890 3227 continentur,
912 3150 1097 3233 perlustratis
1118 3149 1212 3214 mirus
1234 3149 1341 3232 cuique

113 3279 252 3335 occurret
272 3271 434 3334 multarum
456 3271 486 3333 in
510 3271 553 3333 Po
576 3271 795 3334 correctionum
819 3291 984 3335 consensus
1006 3291 1073 3334 oum
1089 3271 1122 3333 Vi
1145 3272 1340 3349 lectionibus;

113 3401 143 3454 et
172 3393 337 3454 accuratius
366 3391 542 3474 perscrutati
564 3391 617 3453 viri
640 3390 737 3466 docti,
766 3392 844 3455 inter
865 3412 941 3474 quos
962 3392 1149 3475 potissimum
1172 3392 1341 3456 Wolsslinus

113 3532 148 3575 ac
170 3512 336 3587 Jordanus,
367 3520 477 3578 certam
507 3531 629 3575 manum
652 3511 851 3576 distinxerunt
872 3515 1048 3581 correctoris
1071 3515 1121 3594 qui
1144 3514 1177 3575 Vi
1199 3514 1341 3577 lectiones

112 3635 142 3695 in
168 3633 211 3694 Po
243 3632 436 3713 quadraginta
460 3651 510 3694 sex
530 3633 620 3711 locis,
650 3632 680 3694 ni
702 3633 803 3705 fallor,
833 3642 884 3696 aut
905 3635 1112 3717 superscripsit
1133 3644 1185 3697 aut
1204 3636 1240 3698 ad
1263 3654 1341 3697 mar-

113 3754 213 3833 ginem
243 3752 396 3827 notavit*l.
440 3753 528 3815 Hunc
557 3763 756 3817 correctorem
778 3755 927 3817 Jordanus
959 3756 989 3816 in
1019 3756 1147 3818 editione
1176 3777 1229 3819 sua
1252 3776 1272 3836 p
1293 3754 1340 3818 lit·

114 3884 176 3936 tera
207 3873 321 3955 signat3
350 3894 384 3936 ac
414 3864 439 3935 si
468 3874 512 3935 vir
538 3875 643 3937 doctus
665 3895 734 3940 vere
755 3875 903 3938 affirmare
925 3884 1040 3956 potest,
1064 3896 1169 3939 omnes
1190 3877 1341 3949 lectiones,

113 4064 320 4075 *oo—1—

199 4181 230 4249 *)
245 4179 348 4236 Harum
378 4180 573 4237 correctionum
598 4180 735 4237 nonnullis
767 4183 926 4253 διορθώσεως
954 4181 1060 4252 signum
1094 4196 1116 4244 A
1142 4183 1255 4254 adjecit:
1281 4185 1343 4256 Jng.

117 4287 160 4352 ll,
178 4286 221 4342 21.
239 4287 281 4349 85,
301 4286 342 4341 lt.
361 4288 402 4353 29.
421 4287 463 4341 30.
481 4284 522 4338 31.
