<?xml version="1.0" encoding="UTF-8"?>
<!DOCTYPE html PUBLIC "-//W3C//DTD XHTML 1.0 Transitional//EN"
    "http://www.w3.org/TR/xhtml1/DTD/xhtml1-transitional.dtd">
<html xmlns="http://www.w3.org/1999/xhtml" xml:lang="en" lang="en">
 <head>
  <title>
</title>
<meta http-equiv="Content-Type" content="text/html;charset=utf-8" />
  <meta name='ocr-system' content='tesseract 3.04.00' />
  <meta name='ocr-capabilities' content='ocr_page ocr_carea ocr_par ocr_line ocrx_word'/>
</head>
<body>
  <div class='ocr_page' id='page_1' title='image "./derationequaein00diecgoog_0046.png"; bbox 0 0 2910 4672; ppageno 0'>
   <div class='ocr_carea' id='block_1_1' title="bbox 621 165 834 231">
    <p class='ocr_par' dir='ltr' id='par_1_1' title="bbox 621 165 834 231">
     <span class='ocr_line' id='line_1_1' title="bbox 621 165 834 231; baseline -0.009 -15"><span class='ocrx_word' id='word_1_1' title='bbox 621 165 834 231; x_wconf 70' lang='lat'>..41-</span> 
     </span>
    </p>
   </div>
   <div class='ocr_carea' id='block_1_2' title="bbox 68 333 1436 2850">
    <p class='ocr_par' dir='ltr' id='par_1_2' title="bbox 118 333 1337 423">
     <span class='ocr_line' id='line_1_2' title="bbox 118 333 1337 423; baseline -0.003 -17"><span class='ocrx_word' id='word_1_2' title='bbox 118 343 183 407; x_wconf 80' lang='lat' dir='ltr'><strong>dam</strong></span> <span class='ocrx_word' id='word_1_3' title='bbox 207 343 312 408; x_wconf 88' lang='lat' dir='ltr'><strong>melius</strong></span> <span class='ocrx_word' id='word_1_4' title='bbox 335 343 479 423; x_wconf 80' lang='lat' dir='ltr'><strong>quadrare</strong></span> <span class='ocrx_word' id='word_1_5' title='bbox 502 361 633 418; x_wconf 83' lang='lat' dir='ltr'><strong>censeas,</strong></span> <span class='ocrx_word' id='word_1_6' title='bbox 655 342 678 405; x_wconf 89' lang='lat' dir='ltr'><strong>si</strong></span> <span class='ocrx_word' id='word_1_7' title='bbox 700 341 880 423; x_wconf 88' lang='lat' dir='ltr'><strong>reputaveris</strong></span> <span class='ocrx_word' id='word_1_8' title='bbox 894 336 1043 403; x_wconf 88' lang='lat' dir='ltr'><strong>llanlinm</strong></span> <span class='ocrx_word' id='word_1_9' title='bbox 1058 333 1089 402; x_wconf 86' lang='lat' dir='ltr'><strong>se</strong></span> <span class='ocrx_word' id='word_1_10' title='bbox 1111 358 1240 421; x_wconf 88' lang='lat' dir='ltr'><strong>suosque</strong></span> <span class='ocrx_word' id='word_1_11' title='bbox 1259 337 1337 420; x_wconf 88' lang='lat' dir='ltr'><strong>plebi</strong></span> 
     </span>
    </p>

    <p class='ocr_par' dir='ltr' id='par_1_3' title="bbox 68 459 1341 789">
     <span class='ocr_line' id='line_1_3' title="bbox 88 459 1289 555; baseline -0.002 -29"><span class='ocrx_word' id='word_1_12' title='bbox 88 550 91 555; x_wconf 67' lang='lat'><em>,</em></span> <span class='ocrx_word' id='word_1_13' title='bbox 117 465 341 555; x_wconf 76' lang='lat' dir='ltr'><strong>praeteritorum</strong></span> <span class='ocrx_word' id='word_1_14' title='bbox 362 473 532 546; x_wconf 85' lang='lat' dir='ltr'><strong>temporum</strong></span> <span class='ocrx_word' id='word_1_15' title='bbox 556 483 725 547; x_wconf 86' lang='lat' dir='ltr'><strong>opponere,</strong></span> <span class='ocrx_word' id='word_1_16' title='bbox 748 463 795 526; x_wconf 91' lang='lat' dir='ltr'><strong>cni</strong></span> <span class='ocrx_word' id='word_1_17' title='bbox 817 483 904 545; x_wconf 83' lang='lat' dir='ltr'><strong>saepe</strong></span> <span class='ocrx_word' id='word_1_18' title='bbox 926 462 1042 525; x_wconf 91' lang='lat' dir='ltr'><strong>nobiles</strong></span> <span class='ocrx_word' id='word_1_19' title='bbox 1064 459 1198 545; x_wconf 88' lang='lat' dir='ltr'><strong>opitulati</strong></span> <span class='ocrx_word' id='word_1_20' title='bbox 1219 460 1289 524; x_wconf 79' lang='lat' dir='ltr'><strong>sint</strong></span> 
     </span>
     <span class='ocr_line' id='line_1_4' title="bbox 221 552 1341 668; baseline -0.003 -20"><span class='ocrx_word' id='word_1_21' title='bbox 221 585 251 648; x_wconf 88' lang='lat' dir='ltr'><strong>Si</strong></span> <span class='ocrx_word' id='word_1_22' title='bbox 275 606 349 668; x_wconf 90' lang='lat' dir='ltr'><strong>quae</strong></span> <span class='ocrx_word' id='word_1_23' title='bbox 370 587 460 648; x_wconf 91' lang='lat' dir='ltr'><strong>modo</strong></span> <span class='ocrx_word' id='word_1_24' title='bbox 483 585 520 648; x_wconf 92' lang='lat' dir='ltr'><strong>ad</strong></span> <span class='ocrx_word' id='word_1_25' title='bbox 542 584 604 648; x_wconf 83' lang='lat' dir='ltr'><strong>Cat</strong></span> <span class='ocrx_word' id='word_1_26' title='bbox 623 583 676 661; x_wconf 84' lang='lat'><strong>51,</strong></span> <span class='ocrx_word' id='word_1_27' title='bbox 692 581 734 648; x_wconf 82' lang='lat'><strong>35</strong></span> <span class='ocrx_word' id='word_1_28' title='bbox 757 585 794 646; x_wconf 92' lang='lat' dir='ltr'><strong>de</strong></span> <span class='ocrx_word' id='word_1_29' title='bbox 818 583 1011 647; x_wconf 79' lang='lat' dir='ltr'><strong>collocatione</strong></span> <span class='ocrx_word' id='word_1_30' title='bbox 1034 586 1130 664; x_wconf 83' lang='lat' dir='ltr'><strong>„ego“</strong></span> <span class='ocrx_word' id='word_1_31' title='bbox 1153 552 1341 665; x_wconf 84' lang='lat' dir='ltr'><strong>pronominis</strong></span> 
     </span>
     <span class='ocr_line' id='line_1_5' title="bbox 116 700 1338 789; baseline -0.008 -16.378"><span class='ocrx_word' id='word_1_32' title='bbox 116 707 305 789; x_wconf 80' lang='lat' dir='ltr'><strong>exposuimus</strong></span> <span class='ocrx_word' id='word_1_33' title='bbox 326 705 511 789; x_wconf 58' lang='lat' dir='ltr'><strong>(paeto),</strong></span> <span class='ocrx_word' id='word_1_34' title='bbox 531 707 631 788; x_wconf 86' lang='lat' dir='ltr'><strong>animo</strong></span> <span class='ocrx_word' id='word_1_35' title='bbox 653 715 781 788; x_wconf 84' lang='lat' dir='ltr'><strong>reputas,</strong></span> <span class='ocrx_word' id='word_1_36' title='bbox 804 725 838 769; x_wconf 89' lang='lat' dir='ltr'><strong>ea</strong></span> <span class='ocrx_word' id='word_1_37' title='bbox 860 705 947 769; x_wconf 90' lang='lat' dir='ltr'><strong>etiam</strong></span> <span class='ocrx_word' id='word_1_38' title='bbox 971 703 1008 768; x_wconf 91' lang='lat' dir='ltr'><strong>ad</strong></span> <span class='ocrx_word' id='word_1_39' title='bbox 1029 705 1129 768; x_wconf 90' lang='lat' dir='ltr'><strong>locum</strong></span> <span class='ocrx_word' id='word_1_40' title='bbox 1150 700 1338 778; x_wconf 62' lang='lat' dir='ltr'><strong>coastat,</strong></span> 
     </span>
    </p>

    <p class='ocr_par' dir='ltr' id='par_1_4' title="bbox 68 797 1436 2608">
     <span class='ocr_line' id='line_1_6' title="bbox 68 797 1436 910; baseline -0.004 -19"><span class='ocrx_word' id='word_1_41' title='bbox 68 798 70 809; x_wconf 37' lang='grc' dir='ltr'>Ι</span> <span class='ocrx_word' id='word_1_42' title='bbox 113 828 164 891; x_wconf 90' lang='lat' dir='ltr'><strong>nbi</strong></span> <span class='ocrx_word' id='word_1_43' title='bbox 185 828 218 891; x_wconf 95' lang='lat' dir='ltr'><strong>in</strong></span> <span class='ocrx_word' id='word_1_44' title='bbox 233 797 276 891; x_wconf 87' lang='lat' dir='ltr'><strong>Po</strong></span> <span class='ocrx_word' id='word_1_45' title='bbox 299 835 358 890; x_wconf 85' lang='lat' dir='ltr'><strong>est:</strong></span> <span class='ocrx_word' id='word_1_46' title='bbox 382 830 480 907; x_wconf 89' lang='lat' dir='ltr'><strong>„hanc</strong></span> <span class='ocrx_word' id='word_1_47' title='bbox 502 847 557 910; x_wconf 82' lang='lat' dir='ltr'><strong>ego</strong></span> <span class='ocrx_word' id='word_1_48' title='bbox 580 832 731 904; x_wconf 84' lang='lat' dir='ltr'><strong>causam“,</strong></span> <span class='ocrx_word' id='word_1_49' title='bbox 753 827 901 909; x_wconf 88' lang='lat' dir='ltr'><strong>pertinere</strong></span> <span class='ocrx_word' id='word_1_50' title='bbox 921 846 1018 907; x_wconf 92' lang='lat' dir='ltr'><strong>neque</strong></span> <span class='ocrx_word' id='word_1_51' title='bbox 1033 825 1066 888; x_wconf 89' lang='lat' dir='ltr'><strong>Vi</strong></span> <span class='ocrx_word' id='word_1_52' title='bbox 1081 825 1238 888; x_wconf 86' lang='lat' dir='ltr'><strong>lectionem</strong></span> <span class='ocrx_word' id='word_1_53' title='bbox 1263 841 1338 906; x_wconf 76' lang='lat' dir='ltr'><strong>„ego</strong></span> <span class='ocrx_word' id='word_1_54' title='bbox 1434 858 1436 864; x_wconf 94' lang='lat'>·</span> 
     </span>
     <span class='ocr_line' id='line_1_7' title="bbox 113 947 1337 1031; baseline -0.004 -18"><span class='ocrx_word' id='word_1_55' title='bbox 113 949 191 1013; x_wconf 88' lang='lat' dir='ltr'><strong>hanc</strong></span> <span class='ocrx_word' id='word_1_56' title='bbox 212 951 351 1011; x_wconf 87' lang='lat' dir='ltr'><strong>causam“</strong></span> <span class='ocrx_word' id='word_1_57' title='bbox 375 949 444 1013; x_wconf 88' lang='lat' dir='ltr'><strong>lcrri</strong></span> <span class='ocrx_word' id='word_1_58' title='bbox 465 969 552 1031; x_wconf 90' lang='lat' dir='ltr'><strong>posse</strong></span> <span class='ocrx_word' id='word_1_59' title='bbox 574 950 663 1014; x_wconf 89' lang='lat' dir='ltr'><strong>dicas.</strong></span> <span class='ocrx_word' id='word_1_60' title='bbox 707 950 743 1012; x_wconf 80' lang='lat' dir='ltr'><strong>At</strong></span> <span class='ocrx_word' id='word_1_61' title='bbox 762 948 793 1011; x_wconf 94' lang='lat' dir='ltr'><strong>id</strong></span> <span class='ocrx_word' id='word_1_62' title='bbox 815 957 894 1011; x_wconf 88' lang='lat' dir='ltr'><strong>certe</strong></span> <span class='ocrx_word' id='word_1_63' title='bbox 916 947 1141 1025; x_wconf 87' lang='lat' dir='ltr'><strong>concedendum</strong></span> <span class='ocrx_word' id='word_1_64' title='bbox 1163 955 1218 1023; x_wconf 90' lang='lat' dir='ltr'><strong>est,</strong></span> <span class='ocrx_word' id='word_1_65' title='bbox 1241 948 1337 1026; x_wconf 79' lang='lat' dir='ltr'><strong>„ego“</strong></span> 
     </span>
     <span class='ocr_line' id='line_1_8' title="bbox 112 1050 1338 1152; baseline -0.002 -20"><span class='ocrx_word' id='word_1_66' title='bbox 112 1070 211 1152; x_wconf 90' lang='lat' dir='ltr'><strong>primo</strong></span> <span class='ocrx_word' id='word_1_67' title='bbox 230 1088 349 1151; x_wconf 90' lang='lat' dir='ltr'><strong>quoque</strong></span> <span class='ocrx_word' id='word_1_68' title='bbox 371 1071 438 1135; x_wconf 93' lang='lat' dir='ltr'><strong>loco</strong></span> <span class='ocrx_word' id='word_1_69' title='bbox 461 1091 476 1134; x_wconf 90' lang='lat' dir='ltr'><strong>a</strong></span> <span class='ocrx_word' id='word_1_70' title='bbox 499 1050 637 1134; x_wconf 73' lang='lat' dir='ltr'><strong>Sallustio</strong></span> <span class='ocrx_word' id='word_1_71' title='bbox 658 1071 747 1151; x_wconf 91' lang='lat' dir='ltr'><strong>poni;</strong></span> <span class='ocrx_word' id='word_1_72' title='bbox 769 1078 800 1133; x_wconf 86' lang='lat' dir='ltr'><strong>et</strong></span> <span class='ocrx_word' id='word_1_73' title='bbox 821 1070 853 1132; x_wconf 92' lang='lat' dir='ltr'><strong>Vi</strong></span> <span class='ocrx_word' id='word_1_74' title='bbox 876 1069 962 1144; x_wconf 87' lang='lat' dir='ltr'><strong>lectio</strong></span> <span class='ocrx_word' id='word_1_75' title='bbox 985 1053 1073 1131; x_wconf 81' lang='lat' dir='ltr'><strong>snum</strong></span> <span class='ocrx_word' id='word_1_76' title='bbox 1095 1067 1185 1132; x_wconf 88' lang='lat' dir='ltr'><strong>habet</strong></span> <span class='ocrx_word' id='word_1_77' title='bbox 1201 1072 1338 1138; x_wconf 83' lang='lat' dir='ltr'><strong>sensum.</strong></span> 
     </span>
     <span class='ocr_line' id='line_1_9' title="bbox 113 1183 1340 1273; baseline 0 -20"><span class='ocrx_word' id='word_1_78' title='bbox 113 1183 214 1266; x_wconf 85' lang='lat' dir='ltr'><strong>Quum</strong></span> <span class='ocrx_word' id='word_1_79' title='bbox 244 1191 322 1254; x_wconf 90' lang='lat' dir='ltr'><strong>enim</strong></span> <span class='ocrx_word' id='word_1_80' title='bbox 353 1197 449 1273; x_wconf 85' lang='lat' dir='ltr'><strong>‚‚ego“</strong></span> <span class='ocrx_word' id='word_1_81' title='bbox 480 1209 647 1273; x_wconf 87' lang='lat' dir='ltr'><strong>pronomen</strong></span> <span class='ocrx_word' id='word_1_82' title='bbox 677 1191 773 1272; x_wconf 91' lang='lat' dir='ltr'><strong>primo</strong></span> <span class='ocrx_word' id='word_1_83' title='bbox 795 1191 862 1253; x_wconf 95' lang='lat' dir='ltr'><strong>loco</strong></span> <span class='ocrx_word' id='word_1_84' title='bbox 884 1191 1013 1273; x_wconf 88' lang='lat' dir='ltr'><strong>positum</strong></span> <span class='ocrx_word' id='word_1_85' title='bbox 1038 1189 1199 1253; x_wconf 83' lang='lat' dir='ltr'><strong>maximum</strong></span> <span class='ocrx_word' id='word_1_86' title='bbox 1221 1189 1340 1270; x_wconf 87' lang='lat' dir='ltr'><strong>pondus</strong></span> 
     </span>
     <span class='ocr_line' id='line_1_10' title="bbox 113 1299 1339 1396; baseline -0.003 -20"><span class='ocrx_word' id='word_1_87' title='bbox 113 1313 247 1376; x_wconf 89' lang='lat' dir='ltr'><strong>additum</strong></span> <span class='ocrx_word' id='word_1_88' title='bbox 276 1313 397 1396; x_wconf 85' lang='lat' dir='ltr'><strong>habeat,</strong></span> <span class='ocrx_word' id='word_1_89' title='bbox 433 1312 595 1395; x_wconf 88' lang='lat' dir='ltr'><strong>opponitur</strong></span> <span class='ocrx_word' id='word_1_90' title='bbox 617 1299 740 1389; x_wconf 84' lang='lat' dir='ltr'><strong>Caesar,</strong></span> <span class='ocrx_word' id='word_1_91' title='bbox 777 1312 827 1394; x_wconf 90' lang='lat' dir='ltr'><strong>qni</strong></span> <span class='ocrx_word' id='word_1_92' title='bbox 856 1331 967 1375; x_wconf 89' lang='lat' dir='ltr'><strong>novum</strong></span> <span class='ocrx_word' id='word_1_93' title='bbox 996 1311 1151 1374; x_wconf 89' lang='lat' dir='ltr'><strong>consilium</strong></span> <span class='ocrx_word' id='word_1_94' title='bbox 1182 1310 1246 1392; x_wconf 90' lang='lat' dir='ltr'><strong>capi</strong></span> <span class='ocrx_word' id='word_1_95' title='bbox 1277 1329 1339 1372; x_wconf 91' lang='lat' dir='ltr'><strong>non</strong></span> 
     </span>
     <span class='ocr_line' id='line_1_11' title="bbox 112 1431 1340 1515; baseline 0 -21"><span class='ocrx_word' id='word_1_96' title='bbox 112 1435 192 1509; x_wconf 77' lang='lat' dir='ltr'><strong>vult,</strong></span> <span class='ocrx_word' id='word_1_97' title='bbox 214 1434 354 1498; x_wconf 89' lang='lat' dir='ltr'><strong>omnihus</strong></span> <span class='ocrx_word' id='word_1_98' title='bbox 376 1435 417 1497; x_wconf 86' lang='lat' dir='ltr'><strong>eis</strong></span> <span class='ocrx_word' id='word_1_99' title='bbox 439 1434 490 1515; x_wconf 92' lang='lat' dir='ltr'><strong>qui</strong></span> <span class='ocrx_word' id='word_1_100' title='bbox 510 1434 665 1497; x_wconf 82' lang='lat' dir='ltr'><strong>sententiis</strong></span> <span class='ocrx_word' id='word_1_101' title='bbox 683 1434 743 1498; x_wconf 88' lang='lat' dir='ltr'><strong>suis</strong></span> <span class='ocrx_word' id='word_1_102' title='bbox 765 1452 876 1496; x_wconf 90' lang='lat' dir='ltr'><strong>novum</strong></span> <span class='ocrx_word' id='word_1_103' title='bbox 900 1433 1056 1496; x_wconf 89' lang='lat' dir='ltr'><strong>consilium</strong></span> <span class='ocrx_word' id='word_1_104' title='bbox 1078 1432 1239 1514; x_wconf 85' lang='lat' dir='ltr'><strong>postulant.</strong></span> <span class='ocrx_word' id='word_1_105' title='bbox 1283 1431 1340 1494; x_wconf 84' lang='lat' dir='ltr'><strong>lta·</strong></span> 
     </span>
     <span class='ocr_line' id='line_1_12' title="bbox 104 1552 1341 1636; baseline 0.002 -22"><span class='ocrx_word' id='word_1_106' title='bbox 104 1576 173 1636; x_wconf 87' lang='lat' dir='ltr'><strong>que</strong></span> <span class='ocrx_word' id='word_1_107' title='bbox 201 1574 306 1618; x_wconf 86' lang='lat' dir='ltr'><strong>sensus</strong></span> <span class='ocrx_word' id='word_1_108' title='bbox 335 1563 395 1618; x_wconf 90' lang='lat' dir='ltr'><strong>est:</strong></span> <span class='ocrx_word' id='word_1_109' title='bbox 430 1555 532 1636; x_wconf 81' lang='lat' dir='ltr'><strong>,‚Ego‚</strong></span> <span class='ocrx_word' id='word_1_110' title='bbox 571 1555 741 1636; x_wconf 88' lang='lat' dir='ltr'><strong>quicunque</strong></span> <span class='ocrx_word' id='word_1_111' title='bbox 770 1563 800 1616; x_wconf 91' lang='lat' dir='ltr'><strong>et</strong></span> <span class='ocrx_word' id='word_1_112' title='bbox 828 1555 1050 1636; x_wconf 88' lang='lat' dir='ltr'><strong>qualescunque</strong></span> <span class='ocrx_word' id='word_1_113' title='bbox 1077 1562 1149 1616; x_wconf 85' lang='lat' dir='ltr'><strong>sunt</strong></span> <span class='ocrx_word' id='word_1_114' title='bbox 1177 1554 1228 1633; x_wconf 93' lang='lat' dir='ltr'><strong>qui</strong></span> <span class='ocrx_word' id='word_1_115' title='bbox 1255 1552 1341 1617; x_wconf 86' lang='lat' dir='ltr'><strong>aliter</strong></span> 
     </span>
     <span class='ocr_line' id='line_1_13' title="bbox 112 1673 1340 1756; baseline -0.003 -16"><span class='ocrx_word' id='word_1_116' title='bbox 112 1676 248 1744; x_wconf 84' lang='lat' dir='ltr'><strong>sentiunt</strong></span> <span class='ocrx_word' id='word_1_117' title='bbox 268 1684 297 1739; x_wconf 88' lang='lat' dir='ltr'><strong>et</strong></span> <span class='ocrx_word' id='word_1_118' title='bbox 318 1684 422 1739; x_wconf 89' lang='lat' dir='ltr'><strong>contra</strong></span> <span class='ocrx_word' id='word_1_119' title='bbox 443 1675 563 1752; x_wconf 87' lang='lat' dir='ltr'><strong>dicunt,</strong></span> <span class='ocrx_word' id='word_1_120' title='bbox 590 1677 669 1740; x_wconf 85' lang='lat' dir='ltr'><strong>hanc</strong></span> <span class='ocrx_word' id='word_1_121' title='bbox 691 1694 810 1741; x_wconf 89' lang='lat' dir='ltr'><strong>causam</strong></span> <span class='ocrx_word' id='word_1_122' title='bbox 831 1681 906 1738; x_wconf 88' lang='lat'><strong>-“.</strong></span> <span class='ocrx_word' id='word_1_123' title='bbox 951 1676 1008 1751; x_wconf 84' lang='lat' dir='ltr'><strong>Qui</strong></span> <span class='ocrx_word' id='word_1_124' title='bbox 1027 1694 1132 1740; x_wconf 88' lang='lat' dir='ltr'><strong>sensus</strong></span> <span class='ocrx_word' id='word_1_125' title='bbox 1153 1693 1245 1756; x_wconf 92' lang='lat' dir='ltr'><strong>quum</strong></span> <span class='ocrx_word' id='word_1_126' title='bbox 1269 1673 1340 1737; x_wconf 88' lang='lat' dir='ltr'><strong>mihi</strong></span> 
     </span>
     <span class='ocr_line' id='line_1_14' title="bbox 113 1772 1341 1879; baseline -0.002 -18"><span class='ocrx_word' id='word_1_127' title='bbox 113 1817 177 1862; x_wconf 94' lang='lat' dir='ltr'><strong>non</strong></span> <span class='ocrx_word' id='word_1_128' title='bbox 207 1798 326 1879; x_wconf 89' lang='lat' dir='ltr'><strong>ineptus</strong></span> <span class='ocrx_word' id='word_1_129' title='bbox 351 1796 485 1860; x_wconf 86' lang='lat' dir='ltr'><strong>rideatur</strong></span> <span class='ocrx_word' id='word_1_130' title='bbox 506 1798 557 1861; x_wconf 89' lang='lat' dir='ltr'><strong>sed</strong></span> <span class='ocrx_word' id='word_1_131' title='bbox 582 1816 644 1860; x_wconf 94' lang='lat' dir='ltr'><strong>non</strong></span> <span class='ocrx_word' id='word_1_132' title='bbox 666 1797 705 1861; x_wconf 89' lang='lat' dir='ltr'><strong>ita</strong></span> <span class='ocrx_word' id='word_1_133' title='bbox 727 1772 862 1879; x_wconf 85' lang='lat' dir='ltr'><strong>apertus,</strong></span> <span class='ocrx_word' id='word_1_134' title='bbox 897 1798 999 1872; x_wconf 86' lang='lat' dir='ltr'><strong>facile,</strong></span> <span class='ocrx_word' id='word_1_135' title='bbox 1037 1797 1087 1878; x_wconf 92' lang='lat' dir='ltr'><strong>qui</strong></span> <span class='ocrx_word' id='word_1_136' title='bbox 1109 1797 1168 1860; x_wconf 85' lang='lat' dir='ltr'><strong>lroc</strong></span> <span class='ocrx_word' id='word_1_137' title='bbox 1189 1795 1341 1877; x_wconf 86' lang='lat' dir='ltr'><strong>scriptoris</strong></span> 
     </span>
     <span class='ocr_line' id='line_1_15' title="bbox 112 1916 1341 2000; baseline -0.003 -18"><span class='ocrx_word' id='word_1_138' title='bbox 112 1918 286 2000; x_wconf 88' lang='lat' dir='ltr'><strong>opponendi</strong></span> <span class='ocrx_word' id='word_1_139' title='bbox 308 1918 462 1982; x_wconf 86' lang='lat' dir='ltr'><strong>consilium</strong></span> <span class='ocrx_word' id='word_1_140' title='bbox 486 1938 548 1981; x_wconf 92' lang='lat' dir='ltr'><strong>non</strong></span> <span class='ocrx_word' id='word_1_141' title='bbox 571 1919 666 1982; x_wconf 87' lang='lat' dir='ltr'><strong>statim</strong></span> <span class='ocrx_word' id='word_1_142' title='bbox 689 1919 872 2000; x_wconf 74' lang='lat' dir='ltr'><strong>perceperit,</strong></span> <span class='ocrx_word' id='word_1_143' title='bbox 904 1919 1060 1982; x_wconf 84' lang='lat' dir='ltr'><strong>lectionem</strong></span> <span class='ocrx_word' id='word_1_144' title='bbox 1083 1937 1159 2000; x_wconf 80' lang='lat' dir='ltr'><strong>„ego</strong></span> <span class='ocrx_word' id='word_1_145' title='bbox 1180 1919 1279 1981; x_wconf 87' lang='lat' dir='ltr'><strong>hanc“</strong></span> <span class='ocrx_word' id='word_1_146' title='bbox 1301 1916 1341 1979; x_wconf 90' lang='lat' dir='ltr'><strong>ita</strong></span> 
     </span>
     <span class='ocr_line' id='line_1_16' title="bbox 113 2039 1420 2131; baseline -0.003 -27"><span class='ocrx_word' id='word_1_147' title='bbox 113 2040 277 2104; x_wconf 90' lang='lat' dir='ltr'><strong>tollendam</strong></span> <span class='ocrx_word' id='word_1_148' title='bbox 307 2041 416 2104; x_wconf 90' lang='lat' dir='ltr'><strong>ducere</strong></span> <span class='ocrx_word' id='word_1_149' title='bbox 444 2040 557 2121; x_wconf 88' lang='lat' dir='ltr'><strong>potuit,</strong></span> <span class='ocrx_word' id='word_1_150' title='bbox 593 2049 627 2102; x_wconf 91' lang='lat' dir='ltr'><strong>nt</strong></span> <span class='ocrx_word' id='word_1_151' title='bbox 654 2042 772 2122; x_wconf 60' lang='lat' dir='ltr'><strong>„hanc‘f</strong></span> <span class='ocrx_word' id='word_1_152' title='bbox 804 2040 835 2103; x_wconf 95' lang='lat' dir='ltr'><strong>in</strong></span> <span class='ocrx_word' id='word_1_153' title='bbox 864 2040 1027 2104; x_wconf 89' lang='lat' dir='ltr'><strong>sententiae</strong></span> <span class='ocrx_word' id='word_1_154' title='bbox 1055 2040 1138 2102; x_wconf 88' lang='lat' dir='ltr'><strong>initio</strong></span> <span class='ocrx_word' id='word_1_155' title='bbox 1161 2039 1289 2121; x_wconf 89' lang='lat' dir='ltr'><strong>positum</strong></span> <span class='ocrx_word' id='word_1_156' title='bbox 1312 2046 1342 2131; x_wconf 89' lang='lat' dir='ltr'><strong>et</strong></span> <span class='ocrx_word' id='word_1_157' title='bbox 1416 2094 1420 2099; x_wconf 85' lang='lat'><strong>.</strong></span> 
     </span>
     <span class='ocr_line' id='line_1_17' title="bbox 112 2160 1340 2244; baseline -0.004 -17"><span class='ocrx_word' id='word_1_158' title='bbox 112 2162 267 2244; x_wconf 82' lang='lat' dir='ltr'><strong>sequentia</strong></span> <span class='ocrx_word' id='word_1_159' title='bbox 298 2181 367 2224; x_wconf 91' lang='lat' dir='ltr'><strong>cnm</strong></span> <span class='ocrx_word' id='word_1_160' title='bbox 395 2161 638 2225; x_wconf 87' lang='lat' dir='ltr'><strong>antecedentibus</strong></span> <span class='ocrx_word' id='word_1_161' title='bbox 660 2160 856 2242; x_wconf 84' lang='lat' dir='ltr'><strong>conjungeret</strong></span> <span class='ocrx_word' id='word_1_162' title='bbox 878 2170 908 2225; x_wconf 92' lang='lat' dir='ltr'><strong>et</strong></span> <span class='ocrx_word' id='word_1_163' title='bbox 929 2160 1025 2242; x_wconf 79' lang='lat' dir='ltr'><strong>„ego“</strong></span> <span class='ocrx_word' id='word_1_164' title='bbox 1047 2160 1219 2242; x_wconf 90' lang='lat' dir='ltr'><strong>pronomini</strong></span> <span class='ocrx_word' id='word_1_165' title='bbox 1240 2160 1340 2223; x_wconf 90' lang='lat' dir='ltr'><strong>locum</strong></span> 
     </span>
     <span class='ocr_line' id='line_1_18' title="bbox 114 2280 1425 2374; baseline -0.003 -27"><span class='ocrx_word' id='word_1_166' title='bbox 114 2284 279 2365; x_wconf 84' lang='lat' dir='ltr'><strong>assignaret</strong></span> <span class='ocrx_word' id='word_1_167' title='bbox 306 2301 395 2364; x_wconf 90' lang='lat' dir='ltr'><strong>quem</strong></span> <span class='ocrx_word' id='word_1_168' title='bbox 424 2282 533 2346; x_wconf 89' lang='lat' dir='ltr'><strong>habere</strong></span> <span class='ocrx_word' id='word_1_169' title='bbox 562 2283 692 2347; x_wconf 80' lang='lat' dir='ltr'><strong>soleret..</strong></span> <span class='ocrx_word' id='word_1_170' title='bbox 724 2283 790 2346; x_wconf 89' lang='lat' dir='ltr'><strong>lluc</strong></span> <span class='ocrx_word' id='word_1_171' title='bbox 817 2281 930 2351; x_wconf 80' lang='lat' dir='ltr'><strong>aceedit</strong></span> <span class='ocrx_word' id='word_1_172' title='bbox 952 2284 1037 2363; x_wconf 77' lang='lat' dir='ltr'><strong>&#39;quod</strong></span> <span class='ocrx_word' id='word_1_173' title='bbox 1068 2282 1150 2346; x_wconf 89' lang='lat' dir='ltr'><strong>nulla</strong></span> <span class='ocrx_word' id='word_1_174' title='bbox 1169 2280 1342 2374; x_wconf 81' lang='lat' dir='ltr'><strong>conjectura</strong></span> <span class='ocrx_word' id='word_1_175' title='bbox 1422 2363 1425 2368; x_wconf 25' lang='grc'><strong>,</strong></span> 
     </span>
     <span class='ocr_line' id='line_1_19' title="bbox 113 2404 1342 2488; baseline -0.004 -18"><span class='ocrx_word' id='word_1_176' title='bbox 113 2406 231 2487; x_wconf 85' lang='lat' dir='ltr'><strong>assequi</strong></span> <span class='ocrx_word' id='word_1_177' title='bbox 253 2424 394 2486; x_wconf 89' lang='lat' dir='ltr'><strong>possum,</strong></span> <span class='ocrx_word' id='word_1_178' title='bbox 422 2422 568 2487; x_wconf 88' lang='lat' dir='ltr'><strong>quaenam</strong></span> <span class='ocrx_word' id='word_1_179' title='bbox 589 2424 653 2468; x_wconf 88' lang='lat' dir='ltr'><strong>esse</strong></span> <span class='ocrx_word' id='word_1_180' title='bbox 673 2405 803 2486; x_wconf 85' lang='lat' dir='ltr'><strong>potuerit</strong></span> <span class='ocrx_word' id='word_1_181' title='bbox 824 2424 928 2488; x_wconf 91' lang='lat' dir='ltr'><strong>causa,</strong></span> <span class='ocrx_word' id='word_1_182' title='bbox 951 2422 1005 2467; x_wconf 90' lang='lat' dir='ltr'><strong>cur</strong></span> <span class='ocrx_word' id='word_1_183' title='bbox 1025 2404 1112 2468; x_wconf 85' lang='lat' dir='ltr'><strong>lectio</strong></span> <span class='ocrx_word' id='word_1_184' title='bbox 1135 2405 1234 2480; x_wconf 80' lang='lat' dir='ltr'><strong>„lianc</strong></span> <span class='ocrx_word' id='word_1_185' title='bbox 1254 2406 1342 2484; x_wconf 74' lang='lat' dir='ltr'><strong>egd‘,</strong></span> 
     </span>
     <span class='ocr_line' id='line_1_20' title="bbox 113 2508 1125 2608; baseline -0.003 -18"><span class='ocrx_word' id='word_1_186' title='bbox 113 2528 139 2591; x_wconf 88' lang='lat' dir='ltr'><strong>si</strong></span> <span class='ocrx_word' id='word_1_187' title='bbox 160 2526 233 2596; x_wconf 79' lang='lat' dir='ltr'><strong>erat.</strong></span> <span class='ocrx_word' id='word_1_188' title='bbox 247 2525 394 2608; x_wconf 79' lang='lat' dir='ltr'><strong>genuina,</strong></span> <span class='ocrx_word' id='word_1_189' title='bbox 416 2508 658 2590; x_wconf 82' lang='lat' dir='ltr'><strong>commutaretur.</strong></span> <span class='ocrx_word' id='word_1_190' title='bbox 1122 2519 1125 2523; x_wconf 74' lang='grc'><strong>’</strong></span> 
     </span>
    </p>

    <p class='ocr_par' dir='ltr' id='par_1_5' title="bbox 114 2628 1342 2850">
     <span class='ocr_line' id='line_1_21' title="bbox 129 2628 1342 2728; baseline 0.001 -16"><span class='ocrx_word' id='word_1_191' title='bbox 129 2647 133 2653; x_wconf 81' lang='grc'><em>’</em></span> <span class='ocrx_word' id='word_1_192' title='bbox 204 2632 302 2711; x_wconf 67' lang='lat' dir='ltr'>,Tum</span> <span class='ocrx_word' id='word_1_193' title='bbox 324 2648 391 2728; x_wconf 79' lang='lat' dir='ltr'><strong>lug.</strong></span> <span class='ocrx_word' id='word_1_194' title='bbox 415 2645 468 2723; x_wconf 68' lang='grc'><strong>24,</strong></span> <span class='ocrx_word' id='word_1_195' title='bbox 489 2645 511 2711; x_wconf 91' lang='grc'>8</span> <span class='ocrx_word' id='word_1_196' title='bbox 533 2647 584 2727; x_wconf 75' lang='lat' dir='ltr'><strong>(Pa</strong></span> <span class='ocrx_word' id='word_1_197' title='bbox 621 2648 698 2724; x_wconf 83' lang='lat' dir='ltr'><strong>„nisi</strong></span> <span class='ocrx_word' id='word_1_198' title='bbox 719 2647 762 2710; x_wconf 88' lang='lat' dir='ltr'><strong>vis</strong></span> <span class='ocrx_word' id='word_1_199' title='bbox 784 2655 880 2711; x_wconf 83' lang='lat' dir='ltr'><strong>restra</strong></span> <span class='ocrx_word' id='word_1_200' title='bbox 903 2650 966 2694; x_wconf 83' lang='lat'><strong>-“</strong></span> <span class='ocrx_word' id='word_1_201' title='bbox 1006 2647 1046 2707; x_wconf 89' lang='lat' dir='ltr'><strong>V:</strong></span> <span class='ocrx_word' id='word_1_202' title='bbox 1086 2628 1148 2723; x_wconf 72' lang='lat'>‚³‚--</span> <span class='ocrx_word' id='word_1_203' title='bbox 1169 2646 1225 2709; x_wconf 91' lang='lat' dir='ltr'><strong>nisi</strong></span> <span class='ocrx_word' id='word_1_204' title='bbox 1246 2653 1342 2713; x_wconf 84' lang='lat' dir='ltr'><strong>vestra</strong></span> 
     </span>
     <span class='ocr_line' id='line_1_22' title="bbox 114 2759 1339 2850; baseline -0.002 -17"><span class='ocrx_word' id='word_1_205' title='bbox 114 2770 157 2833; x_wconf 84' lang='lat' dir='ltr'><strong>vis</strong></span> <span class='ocrx_word' id='word_1_206' title='bbox 170 2773 248 2849; x_wconf 86' lang='grc'><strong>-“)</strong></span> <span class='ocrx_word' id='word_1_207' title='bbox 270 2769 341 2833; x_wconf 86' lang='lat' dir='ltr'><strong>itam</strong></span> <span class='ocrx_word' id='word_1_208' title='bbox 364 2787 468 2833; x_wconf 87' lang='lat' dir='ltr'><strong>sensus</strong></span> <span class='ocrx_word' id='word_1_209' title='bbox 489 2770 640 2850; x_wconf 85' lang='lat' dir='ltr'><strong>postulare</strong></span> <span class='ocrx_word' id='word_1_210' title='bbox 661 2769 733 2833; x_wconf 87' lang='lat' dir='ltr'><strong>milri</strong></span> <span class='ocrx_word' id='word_1_211' title='bbox 755 2769 880 2844; x_wconf 83' lang='lat' dir='ltr'><strong>videtur,</strong></span> <span class='ocrx_word' id='word_1_212' title='bbox 903 2776 939 2832; x_wconf 84' lang='lat' dir='ltr'><strong>nt</strong></span> <span class='ocrx_word' id='word_1_213' title='bbox 960 2786 1128 2848; x_wconf 89' lang='lat' dir='ltr'><strong>pronomen</strong></span> <span class='ocrx_word' id='word_1_214' title='bbox 1143 2759 1339 2849; x_wconf 85' lang='lat' dir='ltr'><strong>possessivum</strong></span> 
     </span>
    </p>
   </div>
   <div class='ocr_carea' id='block_1_3' title="bbox 112 2888 1408 3580">
    <p class='ocr_par' dir='ltr' id='par_1_6' title="bbox 112 2888 1354 3460">
     <span class='ocr_line' id='line_1_23' title="bbox 118 2888 1342 2975; baseline 0.002 -25"><span class='ocrx_word' id='word_1_215' title='bbox 118 2889 181 2953; x_wconf 90' lang='lat' dir='ltr'><strong>loco</strong></span> <span class='ocrx_word' id='word_1_216' title='bbox 211 2911 266 2954; x_wconf 90' lang='lat' dir='ltr'><strong>sno</strong></span> <span class='ocrx_word' id='word_1_217' title='bbox 296 2894 428 2973; x_wconf 85' lang='lat' dir='ltr'><strong>pondere</strong></span> <span class='ocrx_word' id='word_1_218' title='bbox 457 2899 609 2975; x_wconf 81' lang='lat' dir='ltr'><strong>augeatur.</strong></span> <span class='ocrx_word' id='word_1_219' title='bbox 652 2892 748 2969; x_wconf 81' lang='lat' dir='ltr'><strong>Atque</strong></span> <span class='ocrx_word' id='word_1_220' title='bbox 770 2890 809 2953; x_wconf 86' lang='lat' dir='ltr'><strong>ita</strong></span> <span class='ocrx_word' id='word_1_221' title='bbox 831 2891 889 2952; x_wconf 89' lang='lat' dir='ltr'><strong>hoc</strong></span> <span class='ocrx_word' id='word_1_222' title='bbox 911 2909 1031 2970; x_wconf 92' lang='lat' dir='ltr'><strong>quoqne</strong></span> <span class='ocrx_word' id='word_1_223' title='bbox 1049 2889 1115 2953; x_wconf 90' lang='lat' dir='ltr'><strong>loco</strong></span> <span class='ocrx_word' id='word_1_224' title='bbox 1136 2888 1197 2953; x_wconf 89' lang='lat' dir='ltr'><strong>Vus</strong></span> <span class='ocrx_word' id='word_1_225' title='bbox 1218 2898 1342 2971; x_wconf 85' lang='lat' dir='ltr'><strong>antepo-</strong></span> 
     </span>
     <span class='ocr_line' id='line_1_24' title="bbox 115 3013 1346 3106; baseline -0.003 -31"><span class='ocrx_word' id='word_1_226' title='bbox 115 3013 233 3106; x_wconf 87' lang='lat' dir='ltr'><strong>nendus</strong></span> <span class='ocrx_word' id='word_1_227' title='bbox 253 3020 307 3076; x_wconf 81' lang='lat' dir='ltr'><strong>est</strong></span> <span class='ocrx_word' id='word_1_228' title='bbox 1222 3019 1224 3022; x_wconf 80' lang='grc'>’</span> <span class='ocrx_word' id='word_1_229' title='bbox 1297 3083 1300 3090; x_wconf 39' lang='grc'>,</span> <span class='ocrx_word' id='word_1_230' title='bbox 1344 3063 1346 3071; x_wconf 84' lang='grc'><strong>,</strong></span> 
     </span>
     <span class='ocr_line' id='line_1_25' title="bbox 218 3122 1342 3216; baseline -0.001 -19"><span class='ocrx_word' id='word_1_231' title='bbox 218 3135 379 3199; x_wconf 79' lang='lat' dir='ltr'><strong>Addendus</strong></span> <span class='ocrx_word' id='word_1_232' title='bbox 401 3133 529 3216; x_wconf 90' lang='lat' dir='ltr'><strong>denique</strong></span> <span class='ocrx_word' id='word_1_233' title='bbox 549 3133 634 3196; x_wconf 90' lang='lat' dir='ltr'><strong>locus</strong></span> <span class='ocrx_word' id='word_1_234' title='bbox 655 3140 716 3207; x_wconf 83' lang='lat' dir='ltr'><strong>est,</strong></span> <span class='ocrx_word' id='word_1_235' title='bbox 739 3151 828 3215; x_wconf 88' lang='lat' dir='ltr'><strong>quom</strong></span> <span class='ocrx_word' id='word_1_236' title='bbox 843 3122 983 3195; x_wconf 65' lang='lat' dir='ltr'><strong>&#39;Donatus</strong></span> <span class='ocrx_word' id='word_1_237' title='bbox 1005 3132 1041 3194; x_wconf 90' lang='lat' dir='ltr'><strong>ad</strong></span> <span class='ocrx_word' id='word_1_238' title='bbox 1057 3131 1132 3194; x_wconf 80' lang='lat' dir='ltr'><strong>Ter.</strong></span> <span class='ocrx_word' id='word_1_239' title='bbox 1147 3131 1223 3198; x_wconf 79' lang='lat' dir='ltr'><strong>And.</strong></span> <span class='ocrx_word' id='word_1_240' title='bbox 1236 3131 1259 3214; x_wconf 90' lang='lat'><strong>1,</strong></span> <span class='ocrx_word' id='word_1_241' title='bbox 1276 3127 1305 3207; x_wconf 87' lang='lat'><strong>1,</strong></span> <span class='ocrx_word' id='word_1_242' title='bbox 1319 3128 1342 3196; x_wconf 94' lang='lat'><strong>8</strong></span> 
     </span>
     <span class='ocr_line' id='line_1_26' title="bbox 112 3239 1354 3342; baseline -0.002 -22"><span class='ocrx_word' id='word_1_243' title='bbox 112 3261 148 3320; x_wconf 85' lang='lat' dir='ltr'><strong>eo</strong></span> <span class='ocrx_word' id='word_1_244' title='bbox 173 3256 277 3319; x_wconf 89' lang='lat' dir='ltr'><strong>ordine</strong></span> <span class='ocrx_word' id='word_1_245' title='bbox 299 3239 415 3332; x_wconf 86' lang='lat' dir='ltr'><strong>laudat,</strong></span> <span class='ocrx_word' id='word_1_246' title='bbox 438 3275 497 3337; x_wconf 90' lang='lat' dir='ltr'><strong>qno</strong></span> <span class='ocrx_word' id='word_1_247' title='bbox 518 3255 549 3317; x_wconf 92' lang='lat' dir='ltr'><strong>in</strong></span> <span class='ocrx_word' id='word_1_248' title='bbox 572 3253 779 3342; x_wconf 76' lang='lat' dir='ltr'><strong>Votraditur:</strong></span> <span class='ocrx_word' id='word_1_249' title='bbox 802 3254 886 3316; x_wconf 90' lang='lat' dir='ltr'><strong>locus</strong></span> <span class='ocrx_word' id='word_1_250' title='bbox 906 3261 952 3316; x_wconf 83' lang='lat' dir='ltr'><strong>est</strong></span> <span class='ocrx_word' id='word_1_251' title='bbox 972 3253 1039 3334; x_wconf 85' lang='lat' dir='ltr'><strong>lug.</strong></span> <span class='ocrx_word' id='word_1_252' title='bbox 1064 3250 1115 3328; x_wconf 81' lang='lat'><strong>10,</strong></span> <span class='ocrx_word' id='word_1_253' title='bbox 1140 3250 1175 3314; x_wconf 86' lang='lat'><strong>1:</strong></span> <span class='ocrx_word' id='word_1_254' title='bbox 1216 3271 1294 3335; x_wconf 79' lang='lat' dir='ltr'><strong>„ego</strong></span> <span class='ocrx_word' id='word_1_255' title='bbox 1312 3255 1354 3317; x_wconf 86' lang='lat' dir='ltr'><strong>te&#39;</strong></span> 
     </span>
     <span class='ocr_line' id='line_1_27' title="bbox 112 3376 756 3460; baseline -0.005 -20"><span class='ocrx_word' id='word_1_256' title='bbox 112 3377 279 3460; x_wconf 66' lang='lat' dir='ltr'><strong>iugurtha‘</strong></span> <span class='ocrx_word' id='word_1_257' title='bbox 304 3379 360 3458; x_wconf 77' lang='lat' dir='ltr'><strong>(Pz</strong></span> <span class='ocrx_word' id='word_1_258' title='bbox 384 3397 476 3458; x_wconf 83' lang='lat' dir='ltr'><strong>‚,ego‚</strong></span> <span class='ocrx_word' id='word_1_259' title='bbox 499 3376 662 3458; x_wconf 78' lang='lat' dir='ltr'><strong>iugurtha,</strong></span> <span class='ocrx_word' id='word_1_260' title='bbox 685 3379 756 3450; x_wconf 85' lang='lat' dir='ltr'><strong>te“).</strong></span> 
     </span>
    </p>

    <p class='ocr_par' dir='ltr' id='par_1_7' title="bbox 215 3483 1408 3580">
     <span class='ocr_line' id='line_1_28' title="bbox 215 3483 1408 3580; baseline -0.003 -19"><span class='ocrx_word' id='word_1_261' title='bbox 215 3499 274 3574; x_wconf 89' lang='lat' dir='ltr'><strong>Sed</strong></span> <span class='ocrx_word' id='word_1_262' title='bbox 295 3508 408 3562; x_wconf 86' lang='lat' dir='ltr'><strong>restant</strong></span> <span class='ocrx_word' id='word_1_263' title='bbox 428 3499 506 3561; x_wconf 91' lang='lat' dir='ltr'><strong>haud</strong></span> <span class='ocrx_word' id='word_1_264' title='bbox 529 3498 616 3580; x_wconf 90' lang='lat' dir='ltr'><strong>pauci</strong></span> <span class='ocrx_word' id='word_1_265' title='bbox 637 3498 711 3570; x_wconf 89' lang='lat' dir='ltr'><strong>loci,</strong></span> <span class='ocrx_word' id='word_1_266' title='bbox 747 3497 783 3559; x_wconf 89' lang='lat' dir='ltr'><strong>de</strong></span> <span class='ocrx_word' id='word_1_267' title='bbox 806 3495 913 3577; x_wconf 89' lang='lat' dir='ltr'><strong>quihus</strong></span> <span class='ocrx_word' id='word_1_268' title='bbox 936 3515 1011 3577; x_wconf 90' lang='lat' dir='ltr'><strong>quae</strong></span> <span class='ocrx_word' id='word_1_269' title='bbox 1033 3495 1127 3558; x_wconf 89' lang='lat' dir='ltr'><strong>dicam</strong></span> <span class='ocrx_word' id='word_1_270' title='bbox 1152 3495 1342 3569; x_wconf 77' lang='lat' dir='ltr'><strong>nonnanes,</strong></span> <span class='ocrx_word' id='word_1_271' title='bbox 1406 3483 1408 3488; x_wconf 63' lang='grc'><strong>’</strong></span> 
     </span>
    </p>
   </div>
   <div class='ocr_carea' id='block_1_4' title="bbox 73 3597 1408 4432">
    <p class='ocr_par' dir='ltr' id='par_1_8' title="bbox 73 3597 1408 4432">
     <span class='ocr_line' id='line_1_29' title="bbox 115 3597 1343 3699; baseline -0.005 -15"><span class='ocrx_word' id='word_1_272' title='bbox 115 3621 172 3684; x_wconf 90' lang='lat' dir='ltr'><strong>nisi</strong></span> <span class='ocrx_word' id='word_1_273' title='bbox 208 3621 285 3682; x_wconf 87' lang='lat' dir='ltr'><strong>forte</strong></span> <span class='ocrx_word' id='word_1_274' title='bbox 314 3621 472 3682; x_wconf 90' lang='lat' dir='ltr'><strong>verborum</strong></span> <span class='ocrx_word' id='word_1_275' title='bbox 503 3619 763 3691; x_wconf 86' lang='lat' dir='ltr'><strong>collocationibus,</strong></span> <span class='ocrx_word' id='word_1_276' title='bbox 800 3637 872 3699; x_wconf 91' lang='lat' dir='ltr'><strong>quas</strong></span> <span class='ocrx_word' id='word_1_277' title='bbox 900 3618 931 3682; x_wconf 91' lang='lat' dir='ltr'><strong>in</strong></span> <span class='ocrx_word' id='word_1_278' title='bbox 961 3597 1218 3690; x_wconf 39' lang='lat' dir='ltr'><strong>Po&#39;invenimus,</strong></span> <span class='ocrx_word' id='word_1_279' title='bbox 1254 3616 1343 3680; x_wconf 88' lang='lat' dir='ltr'><strong>studii</strong></span> 
     </span>
     <span class='ocr_line' id='line_1_30' title="bbox 115 3727 1343 3824; baseline -0.005 -19"><span class='ocrx_word' id='word_1_280' title='bbox 115 3741 279 3824; x_wconf 83' lang='lat' dir='ltr'><strong>elegantius</strong></span> <span class='ocrx_word' id='word_1_281' title='bbox 302 3727 549 3821; x_wconf 82' lang='lat' dir='ltr'><strong>numerosiusque</strong></span> <span class='ocrx_word' id='word_1_282' title='bbox 572 3741 687 3804; x_wconf 89' lang='lat' dir='ltr'><strong>dicendi</strong></span> <span class='ocrx_word' id='word_1_283' title='bbox 709 3740 828 3821; x_wconf 82' lang='lat' dir='ltr'><strong>vestigia</strong></span> <span class='ocrx_word' id='word_1_284' title='bbox 852 3740 970 3814; x_wconf 90' lang='lat' dir='ltr'><strong>insunt;</strong></span> <span class='ocrx_word' id='word_1_285' title='bbox 993 3747 1110 3820; x_wconf 87' lang='lat' dir='ltr'><strong>praeter</strong></span> <span class='ocrx_word' id='word_1_286' title='bbox 1132 3747 1246 3803; x_wconf 87' lang='lat' dir='ltr'><strong>eeteros</strong></span> <span class='ocrx_word' id='word_1_287' title='bbox 1260 3737 1343 3800; x_wconf 87' lang='lat' dir='ltr'><strong>locos</strong></span> 
     </span>
     <span class='ocr_line' id='line_1_31' title="bbox 74 3833 1341 3945; baseline -0.002 -21"><span class='ocrx_word' id='word_1_288' title='bbox 74 3833 1341 3945; x_wconf 63' lang='lat' dir='ltr'><strong>&#39;ammammmmmmammmnmm</strong></span> 
     </span>
     <span class='ocr_line' id='line_1_32' title="bbox 113 3954 1408 4063; baseline -0.002 -16"><span class='ocrx_word' id='word_1_289' title='bbox 113 3981 167 4060; x_wconf 83' lang='lat'><strong>85,</strong></span> <span class='ocrx_word' id='word_1_290' title='bbox 189 3981 241 4047; x_wconf 76' lang='lat' dir='ltr'><strong>ts.</strong></span> <span class='ocrx_word' id='word_1_291' title='bbox 286 3954 372 4056; x_wconf 81' lang='lat' dir='ltr'><strong>Quod</strong></span> <span class='ocrx_word' id='word_1_292' title='bbox 402 3983 426 4044; x_wconf 90' lang='lat' dir='ltr'><strong>si</strong></span> <span class='ocrx_word' id='word_1_293' title='bbox 457 3983 497 4045; x_wconf 85' lang='lat' dir='ltr'><strong>ila</strong></span> <span class='ocrx_word' id='word_1_294' title='bbox 525 3992 585 4058; x_wconf 87' lang='lat' dir='ltr'><strong>est,</strong></span> <span class='ocrx_word' id='word_1_295' title='bbox 621 3983 714 4063; x_wconf 81' lang='lat' dir='ltr'><strong>magis</strong></span> <span class='ocrx_word' id='word_1_296' title='bbox 744 3982 914 4056; x_wconf 83' lang='lat' dir='ltr'><strong>verendum</strong></span> <span class='ocrx_word' id='word_1_297' title='bbox 935 3988 995 4061; x_wconf 88' lang='lat' dir='ltr'><strong>est,</strong></span> <span class='ocrx_word' id='word_1_298' title='bbox 1034 3999 1073 4043; x_wconf 92' lang='lat' dir='ltr'><strong>ne</strong></span> <span class='ocrx_word' id='word_1_299' title='bbox 1093 3979 1135 4041; x_wconf 89' lang='lat' dir='ltr'><strong>Po</strong></span> <span class='ocrx_word' id='word_1_300' title='bbox 1165 3981 1359 4060; x_wconf 84' lang='lat' dir='ltr'><strong>corrigendo</strong></span> <span class='ocrx_word' id='word_1_301' title='bbox 1404 4009 1408 4019; x_wconf 89' lang='lat'>·</span> 
     </span>
     <span class='ocr_line' id='line_1_33' title="bbox 114 4097 1342 4185; baseline -0.002 -19"><span class='ocrx_word' id='word_1_302' title='bbox 114 4106 161 4169; x_wconf 87' lang='lat' dir='ltr'><strong>vel</strong></span> <span class='ocrx_word' id='word_1_303' title='bbox 197 4104 415 4185; x_wconf 88' lang='lat' dir='ltr'><strong>corrumpendo</strong></span> <span class='ocrx_word' id='word_1_304' title='bbox 443 4103 660 4185; x_wconf 55' lang='lat' dir='ltr'><strong>,grammaticus</strong></span> <span class='ocrx_word' id='word_1_305' title='bbox 695 4121 817 4185; x_wconf 90' lang='lat' dir='ltr'><strong>operam</strong></span> <span class='ocrx_word' id='word_1_306' title='bbox 847 4101 975 4183; x_wconf 84' lang='lat' dir='ltr'><strong>dederit,</strong></span> <span class='ocrx_word' id='word_1_307' title='bbox 1013 4119 1101 4182; x_wconf 92' lang='lat' dir='ltr'><strong>quam</strong></span> <span class='ocrx_word' id='word_1_308' title='bbox 1136 4120 1174 4163; x_wconf 92' lang='lat' dir='ltr'><strong>ne</strong></span> <span class='ocrx_word' id='word_1_309' title='bbox 1202 4101 1262 4163; x_wconf 87' lang='lat' dir='ltr'><strong>Vus</strong></span> <span class='ocrx_word' id='word_1_310' title='bbox 1292 4097 1342 4163; x_wconf 81' lang='lat' dir='ltr'><strong>¹his</strong></span> 
     </span>
     <span class='ocr_line' id='line_1_34' title="bbox 115 4221 1343 4306; baseline -0.004 -17"><span class='ocrx_word' id='word_1_311' title='bbox 115 4227 198 4289; x_wconf 89' lang='lat' dir='ltr'><strong>locis·</strong></span> <span class='ocrx_word' id='word_1_312' title='bbox 215 4226 389 4306; x_wconf 86' lang='lat' dir='ltr'><strong>depravatus</strong></span> <span class='ocrx_word' id='word_1_313' title='bbox 419 4225 471 4302; x_wconf 82' lang='lat' dir='ltr'><strong>sit;</strong></span> <span class='ocrx_word' id='word_1_314' title='bbox 506 4225 580 4288; x_wconf 92' lang='lat' dir='ltr'><strong>illud</strong></span> <span class='ocrx_word' id='word_1_315' title='bbox 608 4224 687 4287; x_wconf 91' lang='lat' dir='ltr'><strong>enim</strong></span> <span class='ocrx_word' id='word_1_316' title='bbox 708 4224 839 4287; x_wconf 83' lang='lat' dir='ltr'><strong>studium</strong></span> <span class='ocrx_word' id='word_1_317' title='bbox 861 4221 1030 4302; x_wconf 83' lang='lat' dir='ltr'><strong>corrigendi</strong></span> <span class='ocrx_word' id='word_1_318' title='bbox 1052 4240 1139 4285; x_wconf 89' lang='lat' dir='ltr'><strong>causa</strong></span> <span class='ocrx_word' id='word_1_319' title='bbox 1161 4241 1224 4285; x_wconf 89' lang='lat' dir='ltr'><strong>esse</strong></span> <span class='ocrx_word' id='word_1_320' title='bbox 1245 4230 1343 4303; x_wconf 90' lang='lat' dir='ltr'><strong>potest</strong></span> 
     </span>
     <span class='ocr_line' id='line_1_35' title="bbox 73 4341 1360 4432; baseline -0.012 -21"><span class='ocrx_word' id='word_1_321' title='bbox 73 4350 75 4354; x_wconf 82' lang='grc'><strong>’</strong></span> <span class='ocrx_word' id='word_1_322' title='bbox 115 4356 146 4410; x_wconf 81' lang='lat' dir='ltr'><strong>et</strong></span> <span class='ocrx_word' id='word_1_323' title='bbox 173 4347 229 4411; x_wconf 87' lang='lat' dir='ltr'><strong>fuit</strong></span> <span class='ocrx_word' id='word_1_324' title='bbox 257 4347 383 4432; x_wconf 86' lang='lat' dir='ltr'><strong>lortasse</strong></span> <span class='ocrx_word' id='word_1_325' title='bbox 406 4345 549 4408; x_wconf 87' lang='lat' dir='ltr'><strong>mutandi</strong></span> <span class='ocrx_word' id='word_1_326' title='bbox 572 4365 665 4409; x_wconf 86' lang='lat' dir='ltr'><strong>causa</strong></span> <span class='ocrx_word' id='word_1_327' title='bbox 687 4345 775 4410; x_wconf 88' lang='lat' dir='ltr'><strong>etiam</strong></span> <span class='ocrx_word' id='word_1_328' title='bbox 800 4345 864 4410; x_wconf 70' lang='lat' dir='ltr'><strong>Cat</strong></span> <span class='ocrx_word' id='word_1_329' title='bbox 884 4341 943 4427; x_wconf 69' lang='lat'><strong>20,</strong></span> <span class='ocrx_word' id='word_1_330' title='bbox 960 4342 1007 4420; x_wconf 68' lang='grc' dir='ltr'><strong>Ὶ,</strong></span> <span class='ocrx_word' id='word_1_331' title='bbox 1040 4361 1103 4422; x_wconf 80' lang='lat' dir='ltr'><strong>qno</strong></span> <span class='ocrx_word' id='word_1_332' title='bbox 1124 4342 1360 4423; x_wconf 61' lang='lat' dir='ltr'><strong>delscs&#39;xmea</strong></span> 
     </span>
    </p>
   </div>
   <div class='ocr_carea' id='block_1_5' title="bbox 0 0 1462 4672">
    <p class='ocr_par' dir='ltr' id='par_1_9' title="bbox 0 0 1462 4672">
     <span class='ocr_line' id='line_1_36' title="bbox 0 0 1462 4672; baseline 0 0"><span class='ocrx_word' id='word_1_333' title='bbox 0 0 1462 4672; x_wconf 95' lang='lat' dir='ltr'><strong> </strong></span> 
     </span>
    </p>
   </div>
  </div>
 </body>
</html>
