2910 4672
678 170 891 238 ..42-

148 344 337 408 'accuratius
372 343 573 429 disseremus).
616 346 744 411 Prorsus
772 354 871 411 autem
901 367 964 411 non
994 365 1137 428 assequor
1158 366 1287 430 quanam
1310 367 1403 412 causa

173 466 265 535 homo
288 466 432 530 stimulari
454 468 584 549 potuerit
605 469 642 531 ad
664 469 731 531 illos
750 469 833 530 locos
848 469 887 532 ita
902 470 1105 551 corrigendos,
1127 478 1161 532 ut
1173 486 1223 532 eas
1237 470 1399 533 verborum

175 588 385 652 collocationes
406 589 592 671 praeberent,
615 609 691 671 quae
714 609 795 652 nunc
817 590 848 652 in
870 590 913 652 νο
933 598 1013 653 sunt.

193 720 196 725 '
279 710 311 773 Si
333 728 416 773 nunc
437 729 471 774 ea
494 730 569 793 quae
591 711 627 774 de
648 711 694 773 bis
715 711 789 772 locis
811 711 948 785 diximus,
970 711 1059 773 simul
1080 719 1110 773 et
1131 730 1207 793 quae
1228 719 1326 775 antea⁴
1339 713 1396 775 dis

172 831 319 894 ceruimus
337 833 373 895 de
387 832 460 895 locis
475 833 642 914 corrigendi
656 832 784 912 quadam
800 832 959 913 cupiditate
974 833 1138 912 depravatis
1153 834 1202 910 (ct.
1216 854 1245 914 p.
1262 829 1306 897 36
1319 839 1396 914 sqq.)

171 951 270 1044 animo
299 961 471 1034 reputamus
496 961 529 1016 >et
557 953 739 1016 senserimus
769 952 803 1014 Pi
834 960 864 1014 et
885 952 919 1013 Vi
946 952 1029 1014 locos
1058 961 1233 1034 corruptos,
1262 954 1292 1016 id
1319 961 1399 1017 certe

172 1072 397 1159 concedendum
429 1082 488 1150 est,
518 1074 664 1155 ejusmodi
693 1074 777 1136 locos
806 1073 907 1155 plures
936 1073 967 1135 in
997 1073 1041 1135 Po
1071 1094 1160 1155 quam
1189 1076 1220 1138 in
1249 1075 1293 1167 νο
1323 1092 1399 1153 esse,

173 1209 264 1272 quare
286 1193 320 1254 vi
350 1195 510 1258 auctoritas
540 1195 656 1258 videtur
685 1196 796 1276 augeri.
840 1195 898 1258 Sed
925 1193 1002 1256 bene
1024 1193 1321 1259 animadvertendum
1344 1204 1398 1273 est,

173 1313 291 1376 nullum
313 1313 347 1376 Pi
376 1316 477 1378 locum
506 1324 566 1379 tam
595 1317 671 1379 male
698 1323 875 1397 corruptum
896 1335 913 1377 a
937 1315 1024 1377 nobis
1044 1315 1199 1379 inventum
1221 1337 1285 1381 esse
1308 1336 1399 1399 quam

172 1434 432 1518 inVoJug.85,
456 1434 505 1501 16.
550 1439 638 1512 Quod
667 1455 848 1518 quamquam
876 1435 1014 1517 probibet
1042 1438 1203 1517 quominus
1227 1439 1300 1504 llum
1331 1437 1400 1521 plu·

172 1555 213 1618 ris
242 1575 331 1637 quam
362 1576 490 1639 aequum
516 1567 560 1621 cst
588 1560 795 1639 aestimemus,
825 1565 926 1620 tamen
947 1557 1047 1620 minor
1067 1558 1205 1622 locorum
1227 1559 1400 1623 vitiatorum

173 1671 317 1743 numerus
346 1697 408 1740 non
435 1679 642 1760 despiciendus
671 1688 724 1743 est.
771 1678 803 1741 Si
823 1678 913 1760 igitur
934 1685 964 1740 et
985 1680 1103 1741 numeri
1126 1688 1155 1742 et
1177 1680 1326 1761 gravitatis
1348 1681 1401 1743 de-

172 1806 361 1879 pravatorum
393 1799 529 1863 locorum
559 1801 703 1863 rationem
729 1801 889 1877 babemus,
911 1798 1121 1882 intelligimus,
1144 1800 1187 1862 νο
1208 1801 1401 1882 paucioribus

172 1918 203 1981 in
230 1918 303 1982 locis
333 1922 520 1985 audaciorem
550 1922 792 2005 interpolatorem
822 1938 943 2003 operam
974 1920 1102 1993 dedisse,
1132 1921 1175 1982 Po
1204 1921 1340 2002 pluribus
1369 1923 1400 1985 io

171 2039 244 2102 locis
270 2041 532 2124 interpolatorem,
558 2051 593 2106 ut
620 2044 660 2106 ita
689 2044 801 2125 dicam,
831 2041 1020 2105 timidiorem.
1064 2043 1107 2104 lta
1135 2043 1187 2123 tit,
1217 2050 1250 2104 ut
1276 2042 1346 2105 illos
1367 2044 1401 2105 vi

173 2161 256 2223 locos
285 2163 458 2243 depravatos
476 2184 541 2228 esse
562 2166 639 2227 hanc
659 2164 752 2247 ipsam
775 2165 813 2226 ob
835 2163 1057 2246 interpolatoris
1079 2163 1224 2244 majorem
1245 2163 1403 2243 audaciam

171 2289 202 2345 ct
222 2282 361 2365 ineptiam
384 2285 497 2349 lacilius
520 2305 702 2369 cognoscere
722 2285 887 2368 possimus3
909 2285 944 2346 Pi
968 2292 1065 2347 autem
1089 2283 1147 2345 loci
1170 2283 1403 2365 interpolatione

171 2405 305 2486 corrupti
333 2425 440 2488 magna
468 2427 504 2470 ex
532 2418 616 2490 parte
645 2407 739 2489 magis
767 2407 960 2482 delitescunt,
989 2424 1024 2467 ac
1053 2406 1178 2468 tortasse
1205 2404 1293 2467 etiam
1315 2422 1401 2467 nunc

173 2545 229 2588 nos
250 2527 395 2604 laterent,
417 2528 473 2591 uisi
494 2528 553 2591 Vus
573 2529 605 2590 in
628 2529 703 2591 veris
723 2526 933 2608 investigandis
956 2526 1043 2588 nobis
1065 2524 1173 2587 auxilio
1196 2532 1292 2602 essets
1313 2542 1398 2607 prac-

172 2653 252 2708 terea
284 2666 301 2708 e
330 2649 443 2729 majore
471 2650 650 2711 mendorum
679 2651 711 2710 in
732 2646 775 2708 Po
806 2666 932 2709 numero
956 2646 1136 2709 concludere
1157 2663 1333 2728 possumus,
1363 2645 1399 2706 Pi

102 2748 105 2754 ’
172 2774 286 2829 textum
316 2788 332 2831 a
360 2769 497 2850 pluribus
526 2769 652 2832 librariis
681 2768 775 2831 doctis
797 2775 826 2830 et
846 2767 973 2831 indoctis
994 2786 1083 2848 quam
1105 2767 1138 2827 Vi
1159 2774 1273 2828 textum
1296 2772 1397 2828 bama

172 2896 236 2951 tum
266 2909 346 2967 esse3
375 2890 449 2953 adde
478 2893 559 2972 quod
588 2899 674 2954 antea
693 2890 756 2971 jam
774 2887 919 2970 vidimus,
940 2888 976 2950 in
998 2887 1073 2950 Puro
1097 2887 1273 2969 glossemata
1296 2905 1401 2949 recen·

174 3010 249 3073 tiora
269 3011 390 3074 inducta
413 3032 477 3074 esse
499 3032 574 3094 quae
595 3013 626 3073 in
647 3011 689 3072 νο
712 3012 835 3073 desunt:
859 3011 1016 3092 concedes,
1037 3011 1076 3073 ad
1097 3009 1312 3071 Sallustianum
1330 3016 1401 3070 tex·

171 3139 236 3194 tmn
270 3133 487 3196 restituendum
519 3134 559 3194 νο
587 3132 678 3214 paulo
706 3131 852 3212 majorem
881 3132 1086 3196 auctoritatem
1114 3130 1303 3194 bibuendam
1333 3149 1400 3192 esse

172 3272 262 3334 quam
283 3253 337 3315 Po.

279 3375 551 3438 Acceduntautem
574 3373 633 3436 duo
656 3373 727 3451 loci,
750 3375 786 3437 de
808 3374 916 3456 quibus
938 3374 1075 3437 nondum
1097 3372 1304 3436 disseruimus:
1330 3372 1400 3455 Jug.

171 3493 227 3573 85,
250 3494 301 3559 10.
324 3493 376 3572 31,
400 3494 451 3558 lt.

281 3619 349 3698 Jug.
370 3612 429 3694 85,
455 3614 495 3678 to
524 3615 555 3676 in
586 3616 628 3677 Po
658 3616 799 3698 legimus:
838 3617 964 3696 ,vetoris
991 3614 1145 3698 prosapiae
1173 3635 1207 3676 ac
1236 3614 1400 3678 multarum

171 3738 337 3819 imaginum
365 3746 395 3800 et
416 3737 527 3799 nubius
548 3738 713 3820 stipendi“;
742 3738 773 3801 in
795 3738 837 3800 νο
861 3741 937 3817 „ac“
959 3737 1103 3801 omissum
1126 3743 1186 3813 est,
1217 3755 1314 3817 neque
1335 3738 1401 3799 Pri·

173 3859 292 3923 sciamus
321 3858 373 3939 qui
391 3858 474 3920 hunc
496 3858 596 3920 locum
615 3858 707 3920 XVlll
728 3879 758 3941 p.
783 3857 877 3922 1126.
901 3856 983 3922 1205
1006 3857 1122 3940 laudat,
1152 3857 1326 3938 particulam
1349 3877 1402 3919 co·

173 3980 331 4062 palativam
361 3979 487 4042 exhibet.
531 3980 621 4042 Recte
650 3981 720 4043 dicit
740 3979 921 4062 llietschius,
960 3979 1107 4042 hocloco
1130 3975 1301 4041 ἀσύνδετον
1324 3978 1397 4042 ferri

174 4120 236 4163 non
264 4120 368 4184 posse,
392 4101 534 4181 quoniam
557 4100 706 4181 prioribus
728 4100 846 4163 duobus
868 4100 988 4164 tertium
1010 4099 1195 4162 contrarium
1217 4109 1267 4177 ·„et
1288 4099 1401 4162 nullius

172 4222 321 4304 stipendi“
352 4222 541 4304 adjungatur.
585 4223 683 4295 Quum
712 4230 810 4286 autem
833 4223 864 4284 in
885 4223 948 4285 aliis
970 4221 1053 4285 libris
1074 4222 1207 4302 legamus
1230 4223 1321 4298 „aut“
1343 4238 1402 4300 pro

157 4347 260 4422 ,aaa
274 4363 343 4420 nos,
368 4355 404 4406 ut
420 4336 591 4410 llietscbius
611 4345 790 4429 auspicatur,
811 4344 843 4408 in
864 4344 1040 4408 sententiam
1061 4341 1247 4424 adducimur,
1269 4348 1303 4404 ut
1318 4339 1405 4422 glos·
