2910 4672
616 132 894 222 -'45..'

112 334 160 397 illa
181 333 322 415 adjectiva
343 333 394 411 ita,
417 341 450 396 ut
472 332 605 396 nuncin
627 332 669 394 Vo
692 342 754 409 est,
777 331 1022 414 transposuisset,
1044 333 1218 415 particulam
1240 352 1333 417 copu-

111 455 229 517 lativam
251 455 373 517 alteram
395 454 575 536 inseruisset,
598 453 758 548 particulas
779 454 1028 520 commutavisset.
1064 453 1213 536 Equidem
1231 475 1334 518 causas

110 576 274 656 intelligere
296 595 358 638 non
380 592 514 657 possum.
558 574 660 656 ltaque
679 575 849 638 Wolfflinus
871 574 1029 638 verborum
1053 576 1205 658 ordinem,
1229 577 1334 656 quiin

111 697 152 758 Po
174 697 229 772 sit,
256 716 321 759 non
343 706 458 759 rectum
481 714 544 758 esse
566 696 637 758 dicit
644 741 653 778 ‚
684 714 776 778 quum
799 677 828 759 et
844 696 1024 762 ‚vocabulum
1045 694 1134 758 trium
1155 696 1333 776 syllabarum
1437 698 1440 704 ⁴

111 817 217 880 melius
247 820 458 899 postponatur
472 817 615 879 vocabulo
639 816 765 901 duarum
788 803 1019 897 syllabarum-et
1040 816 1226 898 potissimum
1249 836 1336 880 voca-

110 937 215 1000 bulum
252 916 356 1000 sensus
389 914 579 1027 generalioris
608 938 717 1000 rectius
742 935 917 1015 antecedam
944 953 1024 1018 ‘ergo
1055 936 1214 1014 verborum
1244 938 1337 1002 collo·

111 1059 258 1121 sationem
275 1077 357 1138 'quae
380 1059 410 1121 in
426 1058 467 1119 Vo
482 1057 528 1136 sit,
550 1039 774 1141 praeferendam
790 1076 869 1135 esse;
889 1059 942 1121 sed
952 1059 1110 1140 particulas
1123 1059 1212 1121 falsas
1227 1054 1337 1122 habere
1411 1105 1417 1120 .

96 1180 194 1252 lum.
238 1170 316 1241 Sane
337 1179 494 1268 Sallustius
516 1179 548 1240 in
569 1181 794 1242 enumeratione
813 1189 954 1260 quattuor
976 1178 1111 1265 ejusdem
1134 1181 1251 1262 generis
1269 1200 1335 1252 ver·

112 1301 232 1372 borum·
250 1309 341 1362 totam
369 1300 476 1362 seriem
506 1300 647 1362 membris
676 1300 715 1362 ita
746 1300 927 1382 distinguere
956 1300 1047 1376 solet,
1083 1309 1117 1363 ut
1146 1302 1205 1363 duo
1237 1300 1337 1382 priora

111 1420 200 1484 verba
230 1421 294 1484 sine
316 1420 461 1512 particula
482 1420 647 1501 copulativa
668 1421 751 1503 prius
774 1421 975 1504 membrum,·
992 1423 1051 1484 duo
1074 1421 1237 1504 posteriora
1259 1421 1338 1484 inter

111 1562 143 1605 se
170 1561 224 1624 per
239 1545 242 1549 ’
255 1541 387 1625 „atque“
408 1541 570 1622 conjuncta
591 1542 739 1624 posterius
760 1542 819 1605 sint
842 1542 1010 1606 membrum
1033 1544 1070 1605 ol.
1093 1542 1155 1605 Cat.
1177 1541 1230 1624 51,
1251 1541 1282 1604 2.
1307 1539 1337 1604 9.

111 1662 170 1745 52,
193 1660 230 1728 a·
250 1660 299 1726 13.
322 1661 382 1738 so,
404 1661 435 1725 5.
456 1660 516 1746 or,
540 1637 659 1744 aug.
682 1659 741 1746 31,
764 1662 816 1727 no.
838 1660 897 1746 an,
922 1663 951 1726 1.
974 1662 1035 1739 51,
1059 1662 1087 1725 1.
1131 1663 1218 1736 euos
1248 1663 1272 1725 u
1300 1664 1338 1725 tta

110 1793 157 1848 est
164 1830 173 1866 ,
203 1783 237 1845 Vi
265 1783 352 1875 lectio
384 1783 603 1865 multomagis
631 1784 704 1847 mira
735 1767 869 1847 videtum·
897 1787 940 1846 ut
961 1802 1023 1847 uon
1045 1754 1163 1864 semper
1184 1783 1339 1846 Sallustius
1451 1816 1453 1820 ·

111 1906 152 1968 ita
178 1913 319 1986 quattuor
348 1906 437 1967 verba
462 1913 634 1969 enumerat:
664 1906 723 1968 duo
753 1905 917 1987 posteriora
939 1905 1027 1967 verba
1048 1924 1102 1987 per
1124 1910 1232 1987 „que‘f
1247 1924 1340 1986 oopu-

112 2027 155 2089 lat
177 2046 222 2089 or.
246 2027 346 2115 Cottae
371 2024 428 2102 143
451 2025 599 2106 posterius
620 2025 787 2089 membrum
811 2005 939 2087 duorum
961 2044 1014 2105 per
1037 2029 1106 2104 „et“
1130 2025 1338 2106 colligatorum

117 2147 277 2211 verborum
304 2166 372 2209 curn
394 2146 493 2227 priore
515 2146 650 2209 membro
672 2166 726 2228 per
750 2149 848 2226 „quo“
871 2145 1027 2227 conjungit
1048 2165 1093 2209 or.
1115 2147 1186 2228 Lep.
1209 2146 1262 2223 ts
1277 2147 1340 2209 sine

113 2270 175 2340 ulla
206 2266 351 2350 particula
381 2276 537 2330 enumerat
565 2287 609 2330 or.
632 2268 735 2331 Cottae
757 2266 788 2346 6.
808 2287 854 2349 ep.
877 2268 983 2349 Pomp.
1006 2266 1035 2330 5.
1059 2287 1102 2335 or.
1126 2268 1216 2330 Macri
1238 2265 1269 2331 6.
1293 2285 1340 2348 ep.

113 2390 213 2453 blitbr.
238 2388 296 2465 17;
326 2399 355 2452 et
384 2403 565 2468 quamquam
588 2376 723 2451 nondum
753 2389 854 2450 locum
881 2387 981 2449 inveni
1003 2404 1063 2466 quo
1085 2388 1193 2468 prioris
1216 2389 1341 2451 membri

114 2511 205 2575 verba
233 2529 287 2591 per
315 2480 490 2591 particulam
519 2509 655 2590 copulata
677 2517 761 2580 sunt,
791 2519 890 2572 tamen
913 2508 975 2572 Cat.
998 2506 1050 2582 20,
1073 2507 1095 2572 7
1116 2510 1149 2571 Vi
1170 2510 1256 2573 lectio
1279 2512 1341 2572 lor·
1412 2585 1415 2589 ¹

98 2625 202 2695 tasse·
220 2631 337 2694 delendi
363 2638 470 2712 potest.
514 2630 815 2694 Animadvertendum
844 2629 923 2692 enim
951 2637 1012 2706 est,
1042 2629 1101 2692 duo
1128 2630 1178 2693 illa
1208 2631 1342 2694 membra

116 2771 178 2814 non
200 2768 325 2836 prorsus
346 2751 551 2814 eandemvim
574 2752 699 2829 habere;
720 2749 876 2832 posteriori
897 2750 1033 2814 membro
1056 2751 1134 2814 inest
1148 2738 1342 2833 oppositionis

102 2872 192 2960 ratio
223 2892 299 2954 quae
326 2872 419 2955 priori
449 2873 548 2949 deest;
579 2880 668 2952 atque
698 2889 752 2951 ego
782 2869 855 2953 puto
876 2872 1031 2934 Catilinam
1054 2873 1154 2955 priore
1176 2873 1341 2936 describere

119 2993 245 3056 uoluisse
275 2985 377 3074 quales
405 3002 503 3057 essent
517 3010 607 3072 ·quos
636 2991 723 3073 pauci
754 2991 802 3054 isti
825 3012 842 3054 a
863 2992 1016 3072 republica
1038 2993 1250 3071 removissent;
1278 3012 1341 3058 esse

117 3114 188 3178 dicit
212 3115 309 3178 bonos
326 3110 427 3196 'atque
453 3121 608 3206 strenuom
638 3120 703 3176 tum
721 3093 831 3174 ‘autem
853 3132 1014 3176 numerum
1035 3115 1224 3195 repulsorum
1246 3116 1342 3179 homi·

113 3244 193 3299 'num
223 3236 319 3313 addit,
350 3252 444 3314 quum
473 3235 560 3330 dicit,
589 3234 649 3296 sive
676 3233 719 3296 illi
747 3237 835 3315 (quos
864 3234 954 3296 modo
976 3235 1073 3298 bonos
1095 3246 1184 3318 atquc
1204 3246 1343 3300 strenuos

117 3356 286 3439 appellavit)
308 3357 419 3420 luerint
440 3355 555 3418 nobiles
576 3355 636 3417 sive
656 3354 821 3436 ignobiles,
850 3373 954 3418 omnes
974 3357 1110 3437 repulsos
1131 3376 1211 3434 esse,
1237 3375 1342 3439 quam

118 3496 210 3558 quam
239 3479 363 3541 fortasse
383 3477 531 3560 putaveris
553 3475 668 3539 nobiles
689 3494 752 3538 non
774 3476 886 3558 repelli.
931 3477 1043 3540 Deinde
1064 3478 1223 3541 verborum
1246 3479 1343 3541 ordini

119 3610 148 3663 et
169 3599 392 3681 coniunctionis
414 3599 523 3662 rationi
543 3598 573 3661 in
594 3598 637 3659 Po
661 3597 792 3679 gradatio
816 3598 960 3677 quaedam
981 3598 1075 3681 inest,
1102 3600 1154 3662 sed
1176 3619 1238 3662 non
1260 3600 1344 3662 inex·
1389 3648 1391 3653 ⁷

120 3729 252 3804 poetata,
276 3737 369 3800 quum
391 3720 481 3783 series
503 3738 540 3782 ex
562 3715 746 3793 ἀσυνθέτως
767 3718 871 3802 positis
892 3719 989 3782 verbis
1011 3720 1156 3801 iucipiens
1178 3720 1235 3785 alia
1256 3723 1344 3784 verba

120 3842 264 3923 postulet,
286 3841 325 3903 ita
347 3849 381 3903 ut
403 3841 455 3922 qui
475 3841 600 3903 audiunt
621 3839 752 3902 sentiant
773 3839 828 3903 alia
850 3847 988 3904 secutura
1010 3860 1091 3917 esse,
1114 3841 1227 3904 etiamsi
1247 3841 1344 3905 inccr-
1423 3837 1425 3841 ’

120 3970 185 4025 tum
216 3961 255 4023 sit
284 3962 381 4040 qualia
411 3962 470 4024 sint
499 3956 578 4024 liaeo¹
606 3970 754 4025 secutura.
800 3962 923 4024 Gravior
952 3970 1052 4025 autem
1080 3962 1212 4043 gradatio
1242 3972 1272 4026 et
1291 3963 1345 4026 toti

121 4073 263 4154 Catilinae
291 4083 418 4146 orationi
440 4081 537 4165 aptior
557 4082 631 4145 mihi
653 4082 768 4146 videtur
789 4082 822 4144 Vi
845 4103 925 4159 esse,
952 4101 1045 4165 quum
1069 4083 1120 4166 qui
1142 4083 1235 4162 „boni
1257 4091 1346 4164 atque

121 4204 256 4267 strenui“
291 4203 380 4267 verba
409 4204 587 4267 audiverunt
615 4206 669 4267 hae
694 4186 915 4268 ⁴ennueiationis
944 4204 1040 4268 lorma
1070 4222 1132 4266 non
1161 4206 1346 4269 adducantur

122 4337 157 4390 ut
177 4326 233 4390 alia
253 4327 429 4391 sententiam
451 4324 658 4410 amplificantis
679 4334 808 4407 sperent,
831 4325 969 4389 omnium
990 4335 1093 4390 autem
1104 4326 1244 4398 ammos
1258 4344 1362 4398 opusc
