2910 4672
616 159 661 198 -÷
704 142 831 216 312-

118 321 162 384 uis
183 329 408 401 contemneret;
429 325 481 387 sed
504 323 606 387 tuturo
628 325 747 389 demum
771 332 914 403 tempore,
936 321 1248 404 siplehsjussissetet
1259 321 1342 404 jussa

116 442 151 505 ad
170 442 349 523 Jugurtltam
371 445 468 508 delata
490 454 606 527 essent,
629 446 693 508 fore
714 442 870 506 Memmius
892 442 990 503 dicere
1010 443 1119 524 potuit,
1141 452 1176 505 ut
1197 443 1342 524 iugurtha

115 580 149 626 ca
177 570 371 627 contemnere
400 575 510 647 posset.
555 566 633 646 Ergo
657 562 865 648 „contemnit“
887 581 1007 624 sensum
1031 583 1092 626 non
1115 564 1254 626 habetet
1275 582 1343 626 vcra

113 691 159 746 est
188 683 275 746 lectio
305 684 355 745 Vi:
386 685 612 768 „contemnet.“
656 687 698 748 dc
725 705 764 749 ne
786 692 890 767 putes,
916 704 1056 766 praesens
1079 692 1195 766 tempus
1216 683 1342 766 „dediti

113 803 179 867 cius
210 803 271 866 cst“
299 823 368 872 cum
391 807 518 871 lectione
540 806 749 889 „contemuit“
774 807 886 887 lacere,
922 805 1008 868 velim
1028 814 1147 886 reputes
1176 804 1262 867 mam
1285 804 1343 866 hcc

112 925 186 988 loco
215 925 300 988 aliter
328 927 426 990 dicere
448 927 618 990 Memmium
649 927 774 989 omnino
806 945 867 988 non
891 926 1021 1007 potuisse
1044 926 1149 989 codem
1170 926 1260 987 modo
1282 942 1343 1006 quo

111 1054 218 1126 postca
248 1048 460 1128 „centenum
491 1049 589 1111 dicere
617 1067 679 1110 uon
710 1047 817 1129 potuit.
861 1046 937 1109 Tum
968 1046 1047 1109 enim
1071 1064 1165 1126 quum
1188 1045 1344 1108 Memmius

111 1165 281 1229 emtionem
316 1167 436 1250 habuit,
470 1168 616 1249 iugurtha
644 1167 707 1248 jam
735 1167 891 1229 dediticius
919 1174 998 1243 erat,
1029 1184 1123 1246 quum
1152 1168 1298 1248 iugurtha
1327 1184 1344 1228 a

112 1285 212 1350 Bestia
234 1294 264 1349 et
285 1287 400 1351 Scauro
421 1289 453 1349 in
475 1289 655 1351 deditionem
678 1297 817 1369 acceptus
840 1297 916 1350 esset
937 1287 985 1349 illa
1007 1306 1089 1369 pace,
1113 1307 1149 1349 en
1171 1307 1228 1369 qua
1251 1287 1343 1349 Mem-

111 1406 195 1469 mius
216 1426 355 1489 magnam
377 1409 457 1471 illam
479 1409 553 1470 iram
577 1416 709 1490 ceperam
733 1418 763 1471 et
781 1407 938 1471 Memmius
957 1408 987 1469 in
1012 1408 1146 1470 oratione
1168 1408 1241 1470 nihil
1264 1408 1344 1470 aliud

113 1528 221 1591 metuit
251 1528 307 1590 nisi
337 1547 376 1591 ne
405 1528 496 1590 verbo
524 1547 586 1590 non
615 1548 654 1599 re¹
670 1530 816 1611 iugurtha
846 1528 999 1591 dediticius
1028 1528 1074 1590 sit.
1127 1528 1170 1591 lta
1199 1528 1343 1591 sententia

113 1657 179 1712 eet:
209 1649 255 1731 „si
284 1669 353 1712 vere
381 1649 537 1712 dediticius
563 1659 609 1713 est
629 1650 703 1713 -“.
747 1649 933 1717 Manifestum
955 1668 1026 1730 ergo
1049 1659 1109 1731 est,
1138 1648 1214 1710 Pum
1238 1667 1343 1710 corru-

113 1770 195 1852 pisse
217 1776 417 1832 correctorem
440 1771 538 1834 studio
560 1772 703 1837 orationis
718 1769 851 1834 membra
867 1770 1050 1852 coaequandi
1066 1777 1246 1851 permotum,
1269 1768 1353 1855 Vum¹

114 1897 217 1953 autem
239 1889 448 1952 Sallustianam
470 1892 596 1954 loturam
618 1912 759 1955 servasse.
1222 1942 1224 1947 ,

225 2009 338 2073 Deinde
359 2011 426 2092 lug.
448 2008 510 2094 85,
532 2010 575 2075 nt
603 2013 665 2094 ipse
692 2011 842 2076 Jordanns
870 2011 1043 2086 confitetur,
1075 2010 1151 2072 Pum
1180 2027 1242 2072 non
1265 2019 1344 2072 recte

114 2130 258 2194 exhibere
278 2130 428 2212 „patior,“
451 2131 527 2192 Vum
550 2140 649 2195 autem
671 2145 751 2196 recte
773 2131 920 2214 „fateor.“
955 2131 999 2192 Ab
1020 2132 1077 2193 hac
1099 2131 1181 2192 enim
1197 2132 1344 2205 sententia

114 2250 231 2326 nonis,
262 2269 338 2332 quac
359 2251 450 2314 verbo
472 2251 604 2332 patiendi
626 2251 752 2328 inesset,
782 2270 905 2333 prorsus
926 2251 1020 2315 aliena
1044 2259 1106 2328 cst;
1136 2260 1224 2332 atque
1246 2252 1346 2332 iugra-

113 2371 232 2436 tissima
268 2379 345 2434 esset
374 2371 507 2452 ejusdem
535 2370 617 2435 verbi
644 2371 773 2453 patiendi
805 2373 958 2454 repetitio,
993 2392 1086 2454 quum
1116 2373 1207 2434 modo
1236 2371 1346 2434 Murius

113 2493 241 2556 dixerit:
271 2491 324 2574 „in
356 2493 474 2556 occulto
500 2492 645 2574 patitur.“
689 2493 766 2555 Turn
793 2493 817 2554 si
840 2495 908 2574 lug.
928 2491 983 2570 85,
1006 2491 1048 2556 34
1077 2494 1108 2555 in
1131 2493 1173 2554 Po
1204 2492 1347 2573 legimus:

117 2613 189 2697 „his
210 2633 276 2690 ogo
298 2611 496 2694 praeceptis,“
518 2613 660 2692 languere
682 2613 755 2674 mihi
776 2613 892 2676 videtur
912 2614 996 2677 Marii
1018 2614 1131 2687 oratio,
1154 2632 1230 2695 quae
1251 2615 1348 2695 gravi·

118 2742 180 2797 tate
200 2743 345 2814 augetur,
374 2732 400 2794 si
423 2733 541 2814 „ego,“
566 2742 600 2795 ut
621 2733 681 2795 Vus
703 2733 837 2815 exhibet,
858 2735 1052 2815 comprobato
1077 2729 1255 2807 docadt'awc
1277 2735 1349 2796 haec
1394 2808 1397 2814 ἕ

121 2854 266 2917 sententie
304 2862 490 2932 antegressas
526 2853 647 2934 excipit,
702 2854 901 2926 Quamobrem
939 2855 998 2917 Vus
1037 2855 1110 2916 milri
1138 2854 1349 2935 praeferendus

123 2971 245 3038 viden.
292 2973 430 3038 Fortasse
461 2992 530 3039 vcro
564 2975 637 3038 hacc
658 2974 692 3036 Pi
716 2975 862 3058 scriptura
883 2975 1081 3057 negligentiae
1101 2983 1218 3038 tantum
1239 2959 1350 3038 librani

118 3091 254 3159 debetur.

227 3213 330 3279 Restat
357 3214 486 3295 denique
507 3215 574 3296 lug.
596 3213 650 3298 24,
670 3212 712 3297 8,
741 3215 793 3278 ubi
820 3223 946 3296 uterque
977 3213 1069 3278 codex
1097 3225 1258 3298 corruptus
1288 3224 1349 3295 est3

117 3337 173 3400 sed
195 3336 228 3398 in
243 3335 285 3397 Vo
308 3334 504 3417 negligentiae
525 3334 570 3398 vel
588 3330 775 3415 ignoranliae
797 3343 914 3397 tantum
935 3337 1079 3399 mendum
1102 3345 1157 3414 est,
1179 3337 1260 3418 quod
1282 3338 1349 3418 qui-

118 3457 189 3521 dem
217 3454 345 3520 adducat
370 3457 407 3521 ad
434 3473 533 3518 veram
561 3455 740 3521 lectionem:
771 3455 865 3538 „quid
894 3467 940 3520 est
960 3457 1086 3520 relicum
1109 3459 1170 3522 nisi
1190 3468 1285 3521 vestra
1308 3459 1351 3521 vis

119 3597 177 3656 quo
198 3577 311 3641 moveri
333 3577 466 3659 possit;“
489 3577 521 3639 in
534 3575 576 3638 Vc
599 3576 679 3640 euim
701 3576 845 3657 scriptum
868 3586 914 3639 est
932 3578 1011 3660 „nisi
1034 3589 1129 3642 vestra
1151 3579 1194 3642 vis
1216 3597 1351 3642 commo·

119 3698 185 3761 vari
204 3697 319 3782 possit“
342 3697 373 3760 in
394 3697 437 3760 Po
461 3705 560 3763 autem
580 3706 641 3760 est:
664 3732 727 3780 „-
749 3697 793 3761 vis
814 3705 911 3765 vestra
932 3719 952 3763 a
974 3719 1030 3777 guo
1052 3701 1166 3763 moveri
1180 3707 1254 3785 -“,
1275 3720 1351 3781 quae

120 3817 210 3882 lectio
232 3838 249 3882 a
269 3826 438 3911 correctore
460 3818 608 3900 originem
629 3818 727 3883 habet

229 3940 383 4003 Accedunt
404 3939 461 4002 lcci
483 3939 593 4020 quibus
612 3939 643 4003 in
658 3940 702 4003 Po
725 3948 829 4004 contra
851 3958 1042 4003 communem
1058 3939 1263 4007 Romanorum
1278 3958 1352 4007 eon·

121 4059 311 4124 suetudinem
342 4060 487 4141 quaedam
509 4060 618 4141 scripta
641 4079 705 4123 csse
727 4059 865 4124 arbitror.
909 4061 952 4125 lta
973 4062 1042 4143 lug.
1067 4060 1117 4137 ll,
1141 4059 1158 4124 1
1183 4061 1214 4125 in
1237 4061 1279 4124 Po
1303 4062 1350 4124 in-

121 4180 259 4245 venimus
286 4200 360 4262 „vos
387 4181 458 4243 mihi
485 4190 697 4262 cognatarum,
736 4199 789 4242 vos
818 4182 849 4244 in
875 4183 1018 4246 adfinium
1047 4183 1147 4244 locum
1178 4181 1350 4265 ducerem,“

121 4311 203 4370 recte
232 4309 331 4366 autem
359 4302 390 4367 in
414 4301 475 4364 Vc:
511 4336 574 4384 „-
594 4320 648 4367 vos
669 4303 812 4367 adfinium
834 4301 938 4382 loco“;
969 4322 1054 4387 nam,
1079 4304 1109 4366 ni
1132 4303 1239 4381 fallor,
1255 4303 1357 4366 Latini
