<?xml version="1.0" encoding="UTF-8"?>
<!DOCTYPE html PUBLIC "-//W3C//DTD XHTML 1.0 Transitional//EN"
    "http://www.w3.org/TR/xhtml1/DTD/xhtml1-transitional.dtd">
<html xmlns="http://www.w3.org/1999/xhtml" xml:lang="en" lang="en">
 <head>
  <title>
</title>
<meta http-equiv="Content-Type" content="text/html;charset=utf-8" />
  <meta name='ocr-system' content='tesseract 3.04.00' />
  <meta name='ocr-capabilities' content='ocr_page ocr_carea ocr_par ocr_line ocrx_word'/>
</head>
<body>
  <div class='ocr_page' id='page_1' title='image "./derationequaein00diecgoog_0010.png"; bbox 0 0 2910 4672; ppageno 0'>
   <div class='ocr_carea' id='block_1_1' title="bbox 233 1103 1340 1218">
    <p class='ocr_par' dir='ltr' id='par_1_1' title="bbox 233 1103 1340 1218">
     <span class='ocr_line' id='line_1_1' title="bbox 233 1103 1340 1218; baseline 0.001 -19"><span class='ocrx_word' id='word_1_1' title='bbox 233 1103 422 1218; x_wconf 75' lang='lat' dir='ltr'><strong>lluamquam</strong></span> <span class='ocrx_word' id='word_1_2' title='bbox 461 1136 546 1197; x_wconf 88' lang='lat' dir='ltr'><strong>multi</strong></span> <span class='ocrx_word' id='word_1_3' title='bbox 571 1135 632 1216; x_wconf 87' lang='lat' dir='ltr'><strong>jam</strong></span> <span class='ocrx_word' id='word_1_4' title='bbox 660 1136 715 1196; x_wconf 76' lang='lat' dir='ltr'><strong>&#39;viri</strong></span> <span class='ocrx_word' id='word_1_5' title='bbox 744 1135 823 1197; x_wconf 91' lang='lat' dir='ltr'><strong>docti</strong></span> <span class='ocrx_word' id='word_1_6' title='bbox 852 1134 953 1196; x_wconf 86' lang='lat' dir='ltr'><strong>nostra</strong></span> <span class='ocrx_word' id='word_1_7' title='bbox 982 1138 1124 1200; x_wconf 88' lang='lat' dir='ltr'><strong>memoria</strong></span> <span class='ocrx_word' id='word_1_8' title='bbox 1155 1139 1340 1201; x_wconf 79' lang='lat' dir='ltr'><strong>sallustianis</strong></span> 
     </span>
    </p>
   </div>
   <div class='ocr_carea' id='block_1_2' title="bbox 110 1256 1340 3866">
    <p class='ocr_par' dir='ltr' id='par_1_2' title="bbox 110 1256 1340 3866">
     <span class='ocr_line' id='line_1_2' title="bbox 115 1256 1340 1340; baseline 0.005 -24"><span class='ocrx_word' id='word_1_9' title='bbox 115 1256 265 1318; x_wconf 79' lang='lat' dir='ltr'>codicibus</span> <span class='ocrx_word' id='word_1_10' title='bbox 293 1257 514 1338; x_wconf 81' lang='lat' dir='ltr'><strong>perscrutandis</strong></span> <span class='ocrx_word' id='word_1_11' title='bbox 542 1256 823 1336; x_wconf 90' lang='lat' dir='ltr'><strong>considerandisque</strong></span> <span class='ocrx_word' id='word_1_12' title='bbox 851 1273 972 1336; x_wconf 81' lang='lat' dir='ltr'>operam</span> <span class='ocrx_word' id='word_1_13' title='bbox 996 1267 1142 1320; x_wconf 89' lang='lat' dir='ltr'><strong>navarunt</strong></span> <span class='ocrx_word' id='word_1_14' title='bbox 1162 1277 1340 1340; x_wconf 90' lang='lat' dir='ltr'><strong>summoque</strong></span> 
     </span>
     <span class='ocr_line' id='line_1_3' title="bbox 116 1374 1340 1458; baseline 0.006 -22"><span class='ocrx_word' id='word_1_15' title='bbox 116 1377 211 1438; x_wconf 88' lang='lat' dir='ltr'><strong>studio</strong></span> <span class='ocrx_word' id='word_1_16' title='bbox 240 1377 376 1440; x_wconf 90' lang='lat' dir='ltr'><strong>codicum</strong></span> <span class='ocrx_word' id='word_1_17' title='bbox 407 1374 560 1438; x_wconf 86' lang='lat' dir='ltr'><strong>contusam</strong></span> <span class='ocrx_word' id='word_1_18' title='bbox 582 1374 664 1456; x_wconf 81' lang='lat' dir='ltr'>quasi</span> <span class='ocrx_word' id='word_1_19' title='bbox 686 1377 803 1438; x_wconf 88' lang='lat' dir='ltr'><strong>turbam</strong></span> <span class='ocrx_word' id='word_1_20' title='bbox 825 1376 856 1438; x_wconf 94' lang='lat' dir='ltr'><strong>in</strong></span> <span class='ocrx_word' id='word_1_21' title='bbox 880 1396 987 1456; x_wconf 84' lang='lat' dir='ltr'><strong>genera</strong></span> <span class='ocrx_word' id='word_1_22' title='bbox 1011 1376 1213 1458; x_wconf 77' lang='lat' dir='ltr'><strong>digesserunt,</strong></span> <span class='ocrx_word' id='word_1_23' title='bbox 1240 1381 1340 1443; x_wconf 71' lang='lat' dir='ltr'><strong>tanim</strong></span> 
     </span>
     <span class='ocr_line' id='line_1_4' title="bbox 116 1497 1339 1578; baseline 0.004 -20"><span class='ocrx_word' id='word_1_24' title='bbox 116 1499 150 1558; x_wconf 88' lang='lat' dir='ltr'><strong>de</strong></span> <span class='ocrx_word' id='word_1_25' title='bbox 177 1497 299 1577; x_wconf 85' lang='lat' dir='ltr'><strong>singulis</strong></span> <span class='ocrx_word' id='word_1_26' title='bbox 328 1497 478 1559; x_wconf 81' lang='lat' dir='ltr'><strong>codicibus</strong></span> <span class='ocrx_word' id='word_1_27' title='bbox 507 1497 694 1577; x_wconf 73' lang='lat' dir='ltr'><strong>quaestiones</strong></span> <span class='ocrx_word' id='word_1_28' title='bbox 724 1497 859 1559; x_wconf 89' lang='lat' dir='ltr'><strong>nondum</strong></span> <span class='ocrx_word' id='word_1_29' title='bbox 890 1498 926 1558; x_wconf 92' lang='lat' dir='ltr'><strong>ad</strong></span> <span class='ocrx_word' id='word_1_30' title='bbox 954 1498 1043 1558; x_wconf 87' lang='lat' dir='ltr'><strong>tinam</strong></span> <span class='ocrx_word' id='word_1_31' title='bbox 1071 1497 1230 1578; x_wconf 82' lang='lat' dir='ltr'><strong>perductae</strong></span> <span class='ocrx_word' id='word_1_32' title='bbox 1259 1509 1339 1564; x_wconf 91' lang='lat' dir='ltr'><strong>sunt.</strong></span> 
     </span>
     <span class='ocr_line' id='line_1_5' title="bbox 116 1617 1339 1699; baseline 0.004 -21"><span class='ocrx_word' id='word_1_33' title='bbox 116 1618 194 1690; x_wconf 84' lang='lat' dir='ltr'><strong>Quae</strong></span> <span class='ocrx_word' id='word_1_34' title='bbox 225 1636 315 1697; x_wconf 89' lang='lat' dir='ltr'><strong>quum</strong></span> <span class='ocrx_word' id='word_1_35' title='bbox 349 1638 410 1679; x_wconf 93' lang='lat' dir='ltr'><strong>non</strong></span> <span class='ocrx_word' id='word_1_36' title='bbox 434 1618 478 1680; x_wconf 90' lang='lat' dir='ltr'><strong>-ita</strong></span> <span class='ocrx_word' id='word_1_37' title='bbox 509 1637 563 1699; x_wconf 92' lang='lat' dir='ltr'><strong>per</strong></span> <span class='ocrx_word' id='word_1_38' title='bbox 591 1618 715 1698; x_wconf 83' lang='lat' dir='ltr'><strong>longum</strong></span> <span class='ocrx_word' id='word_1_39' title='bbox 736 1617 797 1698; x_wconf 88' lang='lat' dir='ltr'><strong>jam</strong></span> <span class='ocrx_word' id='word_1_40' title='bbox 821 1617 963 1698; x_wconf 88' lang='lat' dir='ltr'><strong>temporis</strong></span> <span class='ocrx_word' id='word_1_41' title='bbox 984 1617 1110 1698; x_wconf 85' lang='lat' dir='ltr'><strong>spatium</strong></span> <span class='ocrx_word' id='word_1_42' title='bbox 1133 1619 1248 1682; x_wconf 87' lang='lat' dir='ltr'><strong>habitae</strong></span> <span class='ocrx_word' id='word_1_43' title='bbox 1270 1621 1339 1696; x_wconf 86' lang='lat' dir='ltr'><strong>sint,</strong></span> 
     </span>
     <span class='ocr_line' id='line_1_6' title="bbox 116 1737 1340 1819; baseline 0.004 -21"><span class='ocrx_word' id='word_1_44' title='bbox 116 1757 174 1798; x_wconf 91' lang='lat' dir='ltr'><strong>non</strong></span> <span class='ocrx_word' id='word_1_45' title='bbox 199 1738 307 1799; x_wconf 89' lang='lat' dir='ltr'><strong>mirum</strong></span> <span class='ocrx_word' id='word_1_46' title='bbox 332 1746 386 1813; x_wconf 87' lang='lat' dir='ltr'><strong>est,</strong></span> <span class='ocrx_word' id='word_1_47' title='bbox 408 1738 486 1799; x_wconf 84' lang='lat' dir='ltr'><strong>viros</strong></span> <span class='ocrx_word' id='word_1_48' title='bbox 509 1738 613 1799; x_wconf 91' lang='lat' dir='ltr'><strong>doctos</strong></span> <span class='ocrx_word' id='word_1_49' title='bbox 634 1737 730 1800; x_wconf 88' lang='lat' dir='ltr'><strong>adbuc</strong></span> <span class='ocrx_word' id='word_1_50' title='bbox 752 1737 884 1799; x_wconf 82' lang='lat' dir='ltr'><strong>interae</strong></span> <span class='ocrx_word' id='word_1_51' title='bbox 905 1738 1069 1816; x_wconf 81' lang='lat' dir='ltr'><strong>dissentire,</strong></span> <span class='ocrx_word' id='word_1_52' title='bbox 1092 1758 1168 1819; x_wconf 88' lang='lat' dir='ltr'><strong>quae</strong></span> <span class='ocrx_word' id='word_1_53' title='bbox 1190 1741 1340 1803; x_wconf 86' lang='lat' dir='ltr'><strong>codicibus</strong></span> 
     </span>
     <span class='ocr_line' id='line_1_7' title="bbox 115 1857 1339 1939; baseline 0.002 -19"><span class='ocrx_word' id='word_1_54' title='bbox 115 1859 288 1939; x_wconf 88' lang='lat' dir='ltr'><strong>quibusdam</strong></span> <span class='ocrx_word' id='word_1_55' title='bbox 317 1858 472 1920; x_wconf 89' lang='lat' dir='ltr'><strong>tribuenda</strong></span> <span class='ocrx_word' id='word_1_56' title='bbox 500 1859 538 1919; x_wconf 88' lang='lat' dir='ltr'><strong>sit</strong></span> <span class='ocrx_word' id='word_1_57' title='bbox 566 1857 734 1920; x_wconf 86' lang='lat' dir='ltr'><strong>auctoritas.</strong></span> <span class='ocrx_word' id='word_1_58' title='bbox 778 1859 835 1919; x_wconf 88' lang='lat' dir='ltr'><strong>Sed</strong></span> <span class='ocrx_word' id='word_1_59' title='bbox 866 1878 987 1933; x_wconf 86' lang='lat' dir='ltr'><strong>omnes,</strong></span> <span class='ocrx_word' id='word_1_60' title='bbox 1016 1860 1096 1938; x_wconf 87' lang='lat' dir='ltr'><strong>quod</strong></span> <span class='ocrx_word' id='word_1_61' title='bbox 1119 1860 1227 1936; x_wconf 85' lang='lat' dir='ltr'><strong>sciam,</strong></span> <span class='ocrx_word' id='word_1_62' title='bbox 1257 1880 1339 1923; x_wconf 91' lang='lat' dir='ltr'><strong>nunc</strong></span> 
     </span>
     <span class='ocr_line' id='line_1_8' title="bbox 114 1977 1339 2060; baseline 0.002 -21"><span class='ocrx_word' id='word_1_63' title='bbox 114 1979 190 2040; x_wconf 90' lang='lat' dir='ltr'><strong>inter</strong></span> <span class='ocrx_word' id='word_1_64' title='bbox 219 1999 251 2040; x_wconf 89' lang='lat' dir='ltr'><strong>se</strong></span> <span class='ocrx_word' id='word_1_65' title='bbox 279 1979 487 2054; x_wconf 89' lang='lat' dir='ltr'><strong>consentiunt,</strong></span> <span class='ocrx_word' id='word_1_66' title='bbox 514 1979 603 2040; x_wconf 91' lang='lat' dir='ltr'><strong>trium</strong></span> <span class='ocrx_word' id='word_1_67' title='bbox 635 1977 769 2039; x_wconf 92' lang='lat' dir='ltr'><strong>codicum</strong></span> <span class='ocrx_word' id='word_1_68' title='bbox 794 1979 936 2058; x_wconf 87' lang='lat' dir='ltr'><strong>generum</strong></span> <span class='ocrx_word' id='word_1_69' title='bbox 959 1979 1100 2060; x_wconf 87' lang='lat' dir='ltr'><strong>primum,</strong></span> <span class='ocrx_word' id='word_1_70' title='bbox 1123 1988 1155 2043; x_wconf 92' lang='lat' dir='ltr'><strong>ut</strong></span> <span class='ocrx_word' id='word_1_71' title='bbox 1177 1980 1339 2042; x_wconf 89' lang='lat' dir='ltr'><strong>vetustissi-</strong></span> 
     </span>
     <span class='ocr_line' id='line_1_9' title="bbox 114 2098 1338 2182; baseline 0.001 -22"><span class='ocrx_word' id='word_1_72' title='bbox 114 2119 249 2173; x_wconf 85' lang='lat' dir='ltr'><strong>morum,</strong></span> <span class='ocrx_word' id='word_1_73' title='bbox 284 2100 372 2179; x_wconf 84' lang='lat' dir='ltr'><strong>atquc</strong></span> <span class='ocrx_word' id='word_1_74' title='bbox 408 2118 444 2159; x_wconf 84' lang='lat' dir='ltr'><strong>ax</strong></span> <span class='ocrx_word' id='word_1_75' title='bbox 480 2099 569 2179; x_wconf 77' lang='lat' dir='ltr'><strong>buJ&#39;us</strong></span> <span class='ocrx_word' id='word_1_76' title='bbox 604 2098 719 2179; x_wconf 78' lang='lat' dir='ltr'><strong>generis</strong></span> <span class='ocrx_word' id='word_1_77' title='bbox 748 2098 898 2160; x_wconf 87' lang='lat' dir='ltr'><strong>codicibus</strong></span> <span class='ocrx_word' id='word_1_78' title='bbox 927 2099 1093 2175; x_wconf 86' lang='lat' dir='ltr'><strong>Parisinum</strong></span> <span class='ocrx_word' id='word_1_79' title='bbox 1123 2101 1253 2182; x_wconf 90' lang='lat' dir='ltr'><strong>primum</strong></span> <span class='ocrx_word' id='word_1_80' title='bbox 1283 2101 1338 2162; x_wconf 89' lang='lat' dir='ltr'><strong>No.</strong></span> 
     </span>
     <span class='ocr_line' id='line_1_10' title="bbox 114 2218 1340 2300; baseline 0 -18"><span class='ocrx_word' id='word_1_81' title='bbox 114 2218 194 2295; x_wconf 85' lang='lat'>500,</span> <span class='ocrx_word' id='word_1_82' title='bbox 222 2240 238 2282; x_wconf 91' lang='lat' dir='ltr'><strong>a</strong></span> <span class='ocrx_word' id='word_1_83' title='bbox 262 2219 407 2281; x_wconf 83' lang='lat' dir='ltr'><strong>[lietsobio</strong></span> <span class='ocrx_word' id='word_1_84' title='bbox 430 2219 525 2281; x_wconf 87' lang='lat' dir='ltr'><strong>littera</strong></span> <span class='ocrx_word' id='word_1_85' title='bbox 548 2219 570 2281; x_wconf 95' lang='lat' dir='ltr'>P</span> <span class='ocrx_word' id='word_1_86' title='bbox 593 2219 759 2299; x_wconf 83' lang='lat' dir='ltr'><strong>signatum,</strong></span> <span class='ocrx_word' id='word_1_87' title='bbox 794 2219 913 2299; x_wconf 75' lang='lat' dir='ltr'><strong>plurimi</strong></span> <span class='ocrx_word' id='word_1_88' title='bbox 937 2220 1103 2282; x_wconf 83' lang='lat' dir='ltr'><strong>faciendum</strong></span> <span class='ocrx_word' id='word_1_89' title='bbox 1126 2241 1200 2284; x_wconf 87' lang='lat' dir='ltr'><strong>csse.</strong></span> <span class='ocrx_word' id='word_1_90' title='bbox 1245 2221 1340 2300; x_wconf 76' lang='lat' dir='ltr'><strong>Atque</strong></span> 
     </span>
     <span class='ocr_line' id='line_1_11' title="bbox 113 2339 1339 2421; baseline -0.001 -18"><span class='ocrx_word' id='word_1_91' title='bbox 113 2343 216 2403; x_wconf 88' lang='lat' dir='ltr'><strong>eodem</strong></span> <span class='ocrx_word' id='word_1_92' title='bbox 246 2340 335 2401; x_wconf 89' lang='lat' dir='ltr'><strong>modo</strong></span> <span class='ocrx_word' id='word_1_93' title='bbox 366 2359 424 2420; x_wconf 93' lang='lat' dir='ltr'><strong>quo</strong></span> <span class='ocrx_word' id='word_1_94' title='bbox 457 2340 492 2401; x_wconf 94' lang='lat' dir='ltr'><strong>de</strong></span> <span class='ocrx_word' id='word_1_95' title='bbox 514 2340 601 2421; x_wconf 89' lang='lat' dir='ltr'><strong>primi</strong></span> <span class='ocrx_word' id='word_1_96' title='bbox 624 2340 740 2420; x_wconf 84' lang='lat' dir='ltr'><strong>generis</strong></span> <span class='ocrx_word' id='word_1_97' title='bbox 761 2339 913 2402; x_wconf 86' lang='lat' dir='ltr'><strong>codicibus</strong></span> <span class='ocrx_word' id='word_1_98' title='bbox 933 2348 963 2402; x_wconf 89' lang='lat' dir='ltr'><strong>et</strong></span> <span class='ocrx_word' id='word_1_99' title='bbox 985 2340 1085 2403; x_wconf 76' lang='lat' dir='ltr'><strong>uero</strong></span> <span class='ocrx_word' id='word_1_100' title='bbox 1106 2342 1243 2404; x_wconf 88' lang='lat' dir='ltr'><strong>homines</strong></span> <span class='ocrx_word' id='word_1_101' title='bbox 1260 2341 1339 2403; x_wconf 88' lang='lat' dir='ltr'><strong>docti</strong></span> 
     </span>
     <span class='ocr_line' id='line_1_12' title="bbox 110 2458 1339 2544; baseline 0.002 -22"><span class='ocrx_word' id='word_1_102' title='bbox 110 2461 261 2544; x_wconf 86' lang='lat' dir='ltr'><strong>judicant,</strong></span> <span class='ocrx_word' id='word_1_103' title='bbox 299 2481 404 2522; x_wconf 91' lang='lat' dir='ltr'><strong>omnes</strong></span> <span class='ocrx_word' id='word_1_104' title='bbox 430 2462 490 2521; x_wconf 88' lang='lat' dir='ltr'><strong>lere</strong></span> <span class='ocrx_word' id='word_1_105' title='bbox 512 2462 730 2522; x_wconf 85' lang='lat' dir='ltr'><strong>consenserunt</strong></span> <span class='ocrx_word' id='word_1_106' title='bbox 751 2461 787 2521; x_wconf 93' lang='lat' dir='ltr'><strong>de</strong></span> <span class='ocrx_word' id='word_1_107' title='bbox 809 2460 1072 2522; x_wconf 68' lang='lat' dir='ltr'><strong>codice&#39;Vaticano</strong></span> <span class='ocrx_word' id='word_1_108' title='bbox 1094 2463 1141 2540; x_wconf 84' lang='lat' dir='ltr'><strong>(V)</strong></span> <span class='ocrx_word' id='word_1_109' title='bbox 1163 2463 1218 2523; x_wconf 93' lang='lat' dir='ltr'><strong>No.</strong></span> <span class='ocrx_word' id='word_1_110' title='bbox 1241 2458 1339 2535; x_wconf 70' lang='lat'><strong>3864,</strong></span> 
     </span>
     <span class='ocr_line' id='line_1_13' title="bbox 114 2580 1340 2662; baseline 0 -19"><span class='ocrx_word' id='word_1_111' title='bbox 114 2602 171 2662; x_wconf 89' lang='lat' dir='ltr'><strong>quo</strong></span> <span class='ocrx_word' id='word_1_112' title='bbox 202 2582 233 2643; x_wconf 84' lang='lat' dir='ltr'><strong>C.</strong></span> <span class='ocrx_word' id='word_1_113' title='bbox 261 2581 353 2662; x_wconf 84' lang='lat' dir='ltr'><strong>Crispi</strong></span> <span class='ocrx_word' id='word_1_114' title='bbox 383 2580 501 2642; x_wconf 87' lang='lat' dir='ltr'><strong>Sallusti</strong></span> <span class='ocrx_word' id='word_1_115' title='bbox 538 2581 689 2642; x_wconf 89' lang='lat' dir='ltr'><strong>orationes</strong></span> <span class='ocrx_word' id='word_1_116' title='bbox 720 2589 749 2642; x_wconf 89' lang='lat' dir='ltr'><strong>et</strong></span> <span class='ocrx_word' id='word_1_117' title='bbox 780 2580 920 2661; x_wconf 82' lang='lat' dir='ltr'><strong>epistolae</strong></span> <span class='ocrx_word' id='word_1_118' title='bbox 949 2589 1103 2662; x_wconf 81' lang='lat' dir='ltr'><strong>excerptae</strong></span> <span class='ocrx_word' id='word_1_119' title='bbox 1132 2582 1169 2644; x_wconf 79' lang='lat' dir='ltr'><strong>de</strong></span> <span class='ocrx_word' id='word_1_120' title='bbox 1197 2581 1282 2643; x_wconf 92' lang='lat' dir='ltr'><strong>bellis</strong></span> <span class='ocrx_word' id='word_1_121' title='bbox 1310 2589 1340 2643; x_wconf 88' lang='lat' dir='ltr'><strong>et</strong></span> 
     </span>
     <span class='ocr_line' id='line_1_14' title="bbox 115 2700 1339 2782; baseline -0.002 -19"><span class='ocrx_word' id='word_1_122' title='bbox 115 2701 242 2764; x_wconf 88' lang='lat' dir='ltr'><strong>historiis</strong></span> <span class='ocrx_word' id='word_1_123' title='bbox 270 2702 481 2776; x_wconf 90' lang='lat' dir='ltr'><strong>continentur,</strong></span> <span class='ocrx_word' id='word_1_124' title='bbox 511 2709 540 2763; x_wconf 84' lang='lat' dir='ltr'><strong>et</strong></span> <span class='ocrx_word' id='word_1_125' title='bbox 560 2710 711 2782; x_wconf 86' lang='lat' dir='ltr'><strong>tamquam</strong></span> <span class='ocrx_word' id='word_1_126' title='bbox 735 2721 790 2780; x_wconf 95' lang='lat' dir='ltr'><strong>pro</strong></span> <span class='ocrx_word' id='word_1_127' title='bbox 814 2709 895 2762; x_wconf 91' lang='lat' dir='ltr'><strong>certo</strong></span> <span class='ocrx_word' id='word_1_128' title='bbox 918 2702 1101 2776; x_wconf 85' lang='lat' dir='ltr'><strong>babuerunt,</strong></span> <span class='ocrx_word' id='word_1_129' title='bbox 1123 2700 1339 2782; x_wconf 87' lang='lat' dir='ltr'><strong>praestantissi-</strong></span> 
     </span>
     <span class='ocr_line' id='line_1_15' title="bbox 118 2821 1338 2902; baseline 0 -20"><span class='ocrx_word' id='word_1_130' title='bbox 118 2841 195 2884; x_wconf 89' lang='lat' dir='ltr'><strong>mum</strong></span> <span class='ocrx_word' id='word_1_131' title='bbox 219 2823 352 2884; x_wconf 89' lang='lat' dir='ltr'><strong>codicem</strong></span> <span class='ocrx_word' id='word_1_132' title='bbox 367 2822 441 2882; x_wconf 90' lang='lat' dir='ltr'><strong>Vum</strong></span> <span class='ocrx_word' id='word_1_133' title='bbox 465 2823 508 2883; x_wconf 87' lang='lat' dir='ltr'><strong>Po</strong></span> <span class='ocrx_word' id='word_1_134' title='bbox 531 2842 593 2883; x_wconf 92' lang='lat' dir='ltr'><strong>non</strong></span> <span class='ocrx_word' id='word_1_135' title='bbox 617 2822 706 2883; x_wconf 92' lang='lat' dir='ltr'><strong>modo</strong></span> <span class='ocrx_word' id='word_1_136' title='bbox 727 2840 829 2902; x_wconf 86' lang='lat' dir='ltr'><strong>parem</strong></span> <span class='ocrx_word' id='word_1_137' title='bbox 853 2822 1069 2884; x_wconf 90' lang='lat' dir='ltr'><strong>aestimandum</strong></span> <span class='ocrx_word' id='word_1_138' title='bbox 1091 2829 1156 2884; x_wconf 88' lang='lat' dir='ltr'><strong>esso</strong></span> <span class='ocrx_word' id='word_1_139' title='bbox 1177 2821 1228 2883; x_wconf 91' lang='lat' dir='ltr'><strong>sed</strong></span> <span class='ocrx_word' id='word_1_140' title='bbox 1251 2821 1338 2882; x_wconf 89' lang='lat' dir='ltr'><strong>etiam</strong></span> 
     </span>
     <span class='ocr_line' id='line_1_16' title="bbox 115 2941 1336 3024; baseline -0.002 -20"><span class='ocrx_word' id='word_1_141' title='bbox 115 2943 349 3024; x_wconf 82' lang='lat' dir='ltr'><strong>praeferendum.</strong></span> <span class='ocrx_word' id='word_1_142' title='bbox 393 2941 450 3014; x_wconf 85' lang='lat' dir='ltr'><strong>Qui</strong></span> <span class='ocrx_word' id='word_1_143' title='bbox 471 2941 531 3004; x_wconf 89' lang='lat' dir='ltr'><strong>Vus</strong></span> <span class='ocrx_word' id='word_1_144' title='bbox 552 2962 587 3005; x_wconf 91' lang='lat' dir='ltr'><strong>eo</strong></span> <span class='ocrx_word' id='word_1_145' title='bbox 609 2943 752 3024; x_wconf 80' lang='lat' dir='ltr'><strong>gravioris</strong></span> <span class='ocrx_word' id='word_1_146' title='bbox 771 2943 916 3004; x_wconf 89' lang='lat' dir='ltr'><strong>momenti</strong></span> <span class='ocrx_word' id='word_1_147' title='bbox 936 2951 990 3017; x_wconf 88' lang='lat' dir='ltr'><strong>est,</strong></span> <span class='ocrx_word' id='word_1_148' title='bbox 1012 2943 1092 3022; x_wconf 91' lang='lat' dir='ltr'><strong>quod</strong></span> <span class='ocrx_word' id='word_1_149' title='bbox 1115 2950 1144 3004; x_wconf 89' lang='lat' dir='ltr'><strong>et</strong></span> <span class='ocrx_word' id='word_1_150' title='bbox 1165 2942 1246 3004; x_wconf 88' lang='lat' dir='ltr'><strong>solus</strong></span> <span class='ocrx_word' id='word_1_151' title='bbox 1269 2961 1336 3002; x_wconf 91' lang='lat' dir='ltr'><strong>ora-</strong></span> 
     </span>
     <span class='ocr_line' id='line_1_17' title="bbox 114 3062 1338 3144; baseline -0.001 -19"><span class='ocrx_word' id='word_1_152' title='bbox 114 3065 209 3126; x_wconf 92' lang='lat' dir='ltr'><strong>tiones</strong></span> <span class='ocrx_word' id='word_1_153' title='bbox 236 3062 432 3144; x_wconf 86' lang='lat' dir='ltr'><strong>epistolasque</strong></span> <span class='ocrx_word' id='word_1_154' title='bbox 462 3062 590 3124; x_wconf 91' lang='lat' dir='ltr'><strong>bistoriis</strong></span> <span class='ocrx_word' id='word_1_155' title='bbox 617 3062 742 3125; x_wconf 88' lang='lat' dir='ltr'><strong>insertas</strong></span> <span class='ocrx_word' id='word_1_156' title='bbox 773 3062 860 3124; x_wconf 91' lang='lat' dir='ltr'><strong>nobis</strong></span> <span class='ocrx_word' id='word_1_157' title='bbox 889 3062 1008 3125; x_wconf 83' lang='lat' dir='ltr'><strong>tradidit</strong></span> <span class='ocrx_word' id='word_1_158' title='bbox 1034 3071 1064 3124; x_wconf 89' lang='lat' dir='ltr'><strong>et</strong></span> <span class='ocrx_word' id='word_1_159' title='bbox 1081 3082 1118 3125; x_wconf 83' lang='lat' dir='ltr'><strong>ex</strong></span> <span class='ocrx_word' id='word_1_160' title='bbox 1140 3082 1263 3143; x_wconf 88' lang='lat' dir='ltr'><strong>prorsus</strong></span> <span class='ocrx_word' id='word_1_161' title='bbox 1279 3062 1338 3124; x_wconf 92' lang='lat' dir='ltr'><strong>alio</strong></span> 
     </span>
     <span class='ocr_line' id='line_1_18' title="bbox 112 3168 1337 3263; baseline -0.002 -17"><span class='ocrx_word' id='word_1_162' title='bbox 112 3186 196 3246; x_wconf 86' lang='lat' dir='ltr'><strong>fluxit</strong></span> <span class='ocrx_word' id='word_1_163' title='bbox 232 3186 314 3244; x_wconf 82' lang='lat' dir='ltr'><strong>fonte</strong></span> <span class='ocrx_word' id='word_1_164' title='bbox 349 3184 440 3263; x_wconf 81' lang='lat' dir='ltr'><strong>&#39;atque</strong></span> <span class='ocrx_word' id='word_1_165' title='bbox 466 3182 556 3245; x_wconf 87' lang='lat' dir='ltr'><strong>ceteri</strong></span> <span class='ocrx_word' id='word_1_166' title='bbox 586 3182 702 3245; x_wconf 89' lang='lat' dir='ltr'><strong>codices</strong></span> <span class='ocrx_word' id='word_1_167' title='bbox 729 3183 898 3246; x_wconf 86' lang='lat' dir='ltr'><strong>Sallustiani</strong></span> <span class='ocrx_word' id='word_1_168' title='bbox 926 3184 965 3244; x_wconf 86' lang='lat' dir='ltr'><strong>ita</strong></span> <span class='ocrx_word' id='word_1_169' title='bbox 996 3188 1030 3244; x_wconf 89' lang='lat' dir='ltr'><strong>ut</strong></span> <span class='ocrx_word' id='word_1_170' title='bbox 1057 3202 1124 3244; x_wconf 92' lang='lat' dir='ltr'><strong>eum</strong></span> <span class='ocrx_word' id='word_1_171' title='bbox 1158 3185 1195 3245; x_wconf 91' lang='lat' dir='ltr'><strong>ad</strong></span> <span class='ocrx_word' id='word_1_172' title='bbox 1224 3168 1337 3244; x_wconf 79' lang='lat' dir='ltr'><strong>lentum</strong></span> 
     </span>
     <span class='ocr_line' id='line_1_19' title="bbox 112 3303 1339 3383; baseline -0.002 -16"><span class='ocrx_word' id='word_1_173' title='bbox 112 3305 325 3368; x_wconf 88' lang='lat' dir='ltr'><strong>restituendum</strong></span> <span class='ocrx_word' id='word_1_174' title='bbox 357 3323 412 3364; x_wconf 91' lang='lat' dir='ltr'><strong>nos</strong></span> <span class='ocrx_word' id='word_1_175' title='bbox 441 3303 717 3383; x_wconf 52' lang='lat' dir='ltr'><strong>bene‘adjuturum</strong></span> <span class='ocrx_word' id='word_1_176' title='bbox 746 3323 810 3365; x_wconf 91' lang='lat' dir='ltr'><strong>esse</strong></span> <span class='ocrx_word' id='word_1_177' title='bbox 839 3321 959 3382; x_wconf 89' lang='lat' dir='ltr'><strong>sperare</strong></span> <span class='ocrx_word' id='word_1_178' title='bbox 988 3303 1145 3383; x_wconf 86' lang='lat' dir='ltr'><strong>possimus.</strong></span> <span class='ocrx_word' id='word_1_179' title='bbox 1190 3304 1263 3365; x_wconf 87' lang='lat' dir='ltr'><strong>Nam</strong></span> <span class='ocrx_word' id='word_1_180' title='bbox 1287 3321 1339 3365; x_wconf 80' lang='lat' dir='ltr'><strong>co·</strong></span> 
     </span>
     <span class='ocr_line' id='line_1_20' title="bbox 112 3423 1339 3517; baseline -0.002 -30"><span class='ocrx_word' id='word_1_181' title='bbox 112 3425 207 3498; x_wconf 82' lang='lat' dir='ltr'><strong>dices,</strong></span> <span class='ocrx_word' id='word_1_182' title='bbox 235 3424 285 3503; x_wconf 92' lang='lat' dir='ltr'><strong>qui</strong></span> <span class='ocrx_word' id='word_1_183' title='bbox 316 3432 442 3517; x_wconf 87' lang='lat' dir='ltr'><strong>praeter</strong></span> <span class='ocrx_word' id='word_1_184' title='bbox 461 3425 542 3485; x_wconf 92' lang='lat' dir='ltr'><strong>bunc</strong></span> <span class='ocrx_word' id='word_1_185' title='bbox 562 3423 636 3485; x_wconf 91' lang='lat' dir='ltr'><strong>Vum</strong></span> <span class='ocrx_word' id='word_1_186' title='bbox 667 3423 731 3485; x_wconf 89' lang='lat' dir='ltr'><strong>illas</strong></span> <span class='ocrx_word' id='word_1_187' title='bbox 754 3425 791 3486; x_wconf 80' lang='lat' dir='ltr'><strong>de</strong></span> <span class='ocrx_word' id='word_1_188' title='bbox 813 3423 941 3486; x_wconf 88' lang='lat' dir='ltr'><strong>historiis</strong></span> <span class='ocrx_word' id='word_1_189' title='bbox 964 3431 1115 3503; x_wconf 80' lang='lat' dir='ltr'><strong>excerptas</strong></span> <span class='ocrx_word' id='word_1_190' title='bbox 1139 3423 1287 3486; x_wconf 89' lang='lat' dir='ltr'><strong>orationes</strong></span> <span class='ocrx_word' id='word_1_191' title='bbox 1310 3431 1339 3484; x_wconf 89' lang='lat' dir='ltr'><strong>et</strong></span> 
     </span>
     <span class='ocr_line' id='line_1_21' title="bbox 115 3541 1338 3627; baseline -0.003 -18"><span class='ocrx_word' id='word_1_192' title='bbox 115 3545 253 3627; x_wconf 88' lang='lat' dir='ltr'><strong>epistolas</strong></span> <span class='ocrx_word' id='word_1_193' title='bbox 281 3544 434 3614; x_wconf 78' lang='lat' dir='ltr'><strong>ealdbeut,</strong></span> <span class='ocrx_word' id='word_1_194' title='bbox 465 3563 500 3606; x_wconf 81' lang='lat' dir='ltr'><strong>ex</strong></span> <span class='ocrx_word' id='word_1_195' title='bbox 523 3544 587 3624; x_wconf 90' lang='lat' dir='ltr'><strong>ipso</strong></span> <span class='ocrx_word' id='word_1_196' title='bbox 609 3544 652 3606; x_wconf 86' lang='lat' dir='ltr'><strong>llo</strong></span> <span class='ocrx_word' id='word_1_197' title='bbox 673 3544 729 3605; x_wconf 92' lang='lat' dir='ltr'><strong>No.</strong></span> <span class='ocrx_word' id='word_1_198' title='bbox 753 3541 838 3606; x_wconf 75' lang='lat' dir='ltr'><strong>aaut</strong></span> <span class='ocrx_word' id='word_1_199' title='bbox 861 3545 1055 3624; x_wconf 91' lang='lat' dir='ltr'><strong>transcriptos</strong></span> <span class='ocrx_word' id='word_1_200' title='bbox 1079 3562 1160 3617; x_wconf 87' lang='lat' dir='ltr'><strong>esse,</strong></span> <span class='ocrx_word' id='word_1_201' title='bbox 1189 3543 1338 3606; x_wconf 85' lang='lat' dir='ltr'><strong>Jordanus</strong></span> 
     </span>
     <span class='ocr_line' id='line_1_22' title="bbox 112 3643 1336 3744; baseline -0.002 -18"><span class='ocrx_word' id='word_1_202' title='bbox 112 3665 209 3729; x_wconf 89' lang='lat' dir='ltr'><strong>lucide</strong></span> <span class='ocrx_word' id='word_1_203' title='bbox 232 3664 444 3726; x_wconf 83' lang='lat' dir='ltr'><strong>demonstravit</strong></span> <span class='ocrx_word' id='word_1_204' title='bbox 465 3643 540 3726; x_wconf 88' lang='lat' dir='ltr'><strong>Mus.</strong></span> <span class='ocrx_word' id='word_1_205' title='bbox 564 3663 659 3726; x_wconf 86' lang='lat' dir='ltr'><strong>Rben.</strong></span> <span class='ocrx_word' id='word_1_206' title='bbox 683 3663 784 3725; x_wconf 84' lang='lat' dir='ltr'><strong>XVlll.</strong></span> <span class='ocrx_word' id='word_1_207' title='bbox 808 3661 1005 3744; x_wconf 63' lang='lat' dir='ltr'><strong>paatsqq:</strong></span> <span class='ocrx_word' id='word_1_208' title='bbox 1037 3663 1214 3727; x_wconf 81' lang='lat' dir='ltr'><strong>Orationum</strong></span> <span class='ocrx_word' id='word_1_209' title='bbox 1238 3672 1336 3726; x_wconf 88' lang='lat' dir='ltr'><strong>autem</strong></span> 
     </span>
     <span class='ocr_line' id='line_1_23' title="bbox 112 3783 1339 3866; baseline -0.004 -17"><span class='ocrx_word' id='word_1_210' title='bbox 112 3795 140 3848; x_wconf 89' lang='lat' dir='ltr'><strong>et</strong></span> <span class='ocrx_word' id='word_1_211' title='bbox 162 3785 352 3866; x_wconf 86' lang='lat' dir='ltr'><strong>epistolarum</strong></span> <span class='ocrx_word' id='word_1_212' title='bbox 375 3803 410 3844; x_wconf 82' lang='lat' dir='ltr'><strong>ex</strong></span> <span class='ocrx_word' id='word_1_213' title='bbox 433 3784 516 3845; x_wconf 88' lang='lat' dir='ltr'><strong>bellis</strong></span> <span class='ocrx_word' id='word_1_214' title='bbox 538 3792 742 3866; x_wconf 84' lang='lat' dir='ltr'><strong>excerptarum</strong></span> <span class='ocrx_word' id='word_1_215' title='bbox 760 3784 954 3861; x_wconf 84' lang='lat' dir='ltr'><strong>nonnullae*)</strong></span> <span class='ocrx_word' id='word_1_216' title='bbox 977 3791 1080 3861; x_wconf 71' lang='lat' dir='ltr'><strong>citant</strong></span> <span class='ocrx_word' id='word_1_217' title='bbox 1094 3783 1180 3846; x_wconf 83' lang='lat' dir='ltr'><strong>etiarn</strong></span> <span class='ocrx_word' id='word_1_218' title='bbox 1194 3785 1224 3847; x_wconf 87' lang='lat' dir='ltr'><strong>in</strong></span> <span class='ocrx_word' id='word_1_219' title='bbox 1238 3784 1339 3846; x_wconf 90' lang='lat' dir='ltr'><strong>codice</strong></span> 
     </span>
    </p>
   </div>
   <div class='ocr_carea' id='block_1_3' title="bbox 87 3933 1340 4322">
    <p class='ocr_par' dir='ltr' id='par_1_3' title="bbox 87 3933 1335 4035">
     <span class='ocr_line' id='line_1_24' title="bbox 87 3933 1335 4035; baseline -0.004 -26"><span class='ocrx_word' id='word_1_220' title='bbox 87 4029 90 4035; x_wconf 92' lang='lat'><strong>.</strong></span> <span class='ocrx_word' id='word_1_221' title='bbox 198 3954 314 4024; x_wconf 48' lang='lat' dir='ltr'><strong>maana</strong></span> <span class='ocrx_word' id='word_1_222' title='bbox 335 3952 436 4008; x_wconf 81' lang='lat' dir='ltr'><strong>haece:</strong></span> <span class='ocrx_word' id='word_1_223' title='bbox 462 3969 500 4009; x_wconf 89' lang='lat' dir='ltr'><strong>or.</strong></span> <span class='ocrx_word' id='word_1_224' title='bbox 529 3952 662 4009; x_wconf 74' lang='lat' dir='ltr'><strong>Catilinae</strong></span> <span class='ocrx_word' id='word_1_225' title='bbox 680 3953 737 4009; x_wconf 82' lang='lat' dir='ltr'><strong>Cat</strong></span> <span class='ocrx_word' id='word_1_226' title='bbox 756 3957 797 4010; x_wconf 84' lang='lat'><strong>20.</strong></span> <span class='ocrx_word' id='word_1_227' title='bbox 816 3984 848 3994; x_wconf 88' lang='lat'>—</span> <span class='ocrx_word' id='word_1_228' title='bbox 874 3969 915 4023; x_wconf 88' lang='lat' dir='ltr'><strong>ep.</strong></span> <span class='ocrx_word' id='word_1_229' title='bbox 931 3933 1048 4008; x_wconf 45' lang='lat' dir='ltr'><strong>&#39;Lentuli</strong></span> <span class='ocrx_word' id='word_1_230' title='bbox 1067 3951 1124 4009; x_wconf 81' lang='lat' dir='ltr'><strong>Cat.</strong></span> <span class='ocrx_word' id='word_1_231' title='bbox 1142 3956 1185 4019; x_wconf 77' lang='lat' dir='ltr'><strong>dl,</strong></span> <span class='ocrx_word' id='word_1_232' title='bbox 1204 3955 1227 4008; x_wconf 81' lang='lat'><strong>5.</strong></span> <span class='ocrx_word' id='word_1_233' title='bbox 1248 3982 1277 3992; x_wconf 96' lang='lat'><em>-</em></span> <span class='ocrx_word' id='word_1_234' title='bbox 1298 3967 1335 4008; x_wconf 91' lang='lat' dir='ltr'><strong>or.</strong></span> 
     </span>
    </p>

    <p class='ocr_par' dir='ltr' id='par_1_4' title="bbox 111 4052 1340 4322">
     <span class='ocr_line' id='line_1_25' title="bbox 112 4052 1340 4128; baseline -0.006 -11"><span class='ocrx_word' id='word_1_235' title='bbox 112 4059 222 4117; x_wconf 79' lang='lat' dir='ltr'><strong>Catonis</strong></span> <span class='ocrx_word' id='word_1_236' title='bbox 243 4057 300 4114; x_wconf 80' lang='lat' dir='ltr'><strong>Cat.</strong></span> <span class='ocrx_word' id='word_1_237' title='bbox 320 4060 361 4110; x_wconf 71' lang='lat'><strong>52.</strong></span> <span class='ocrx_word' id='word_1_238' title='bbox 382 4087 415 4096; x_wconf 91' lang='lat'>-</span> <span class='ocrx_word' id='word_1_239' title='bbox 442 4073 479 4111; x_wconf 90' lang='lat' dir='ltr'><strong>or.</strong></span> <span class='ocrx_word' id='word_1_240' title='bbox 505 4056 639 4112; x_wconf 82' lang='lat' dir='ltr'><strong>Catilinae</strong></span> <span class='ocrx_word' id='word_1_241' title='bbox 663 4057 721 4112; x_wconf 86' lang='lat' dir='ltr'><strong>Cat.</strong></span> <span class='ocrx_word' id='word_1_242' title='bbox 740 4052 779 4112; x_wconf 79' lang='grc'><strong>58.</strong></span> <span class='ocrx_word' id='word_1_243' title='bbox 799 4090 832 4098; x_wconf 95' lang='grc'>-</span> <span class='ocrx_word' id='word_1_244' title='bbox 857 4073 898 4128; x_wconf 89' lang='lat' dir='ltr'><strong>ep.</strong></span> <span class='ocrx_word' id='word_1_245' title='bbox 916 4056 1049 4127; x_wconf 85' lang='lat' dir='ltr'><strong>Scipionis</strong></span> <span class='ocrx_word' id='word_1_246' title='bbox 1067 4055 1128 4127; x_wconf 77' lang='lat' dir='ltr'><strong>dag.</strong></span> <span class='ocrx_word' id='word_1_247' title='bbox 1147 4058 1176 4121; x_wconf 75' lang='lat' dir='ltr'><strong>l,</strong></span> <span class='ocrx_word' id='word_1_248' title='bbox 1196 4060 1219 4114; x_wconf 76' lang='lat'><strong>2.</strong></span> <span class='ocrx_word' id='word_1_249' title='bbox 1241 4085 1270 4097; x_wconf 88' lang='lat'><strong>·-</strong></span> <span class='ocrx_word' id='word_1_250' title='bbox 1300 4064 1340 4112; x_wconf 83' lang='lat' dir='ltr'><strong>ot.</strong></span> 
     </span>
     <span class='ocr_line' id='line_1_26' title="bbox 111 4159 1339 4231; baseline -0.001 -14"><span class='ocrx_word' id='word_1_251' title='bbox 111 4162 242 4231; x_wconf 84' lang='lat' dir='ltr'><strong>Micipsae</strong></span> <span class='ocrx_word' id='word_1_252' title='bbox 258 4159 283 4214; x_wconf 85' lang='lat' dir='ltr'><strong>J.</strong></span> <span class='ocrx_word' id='word_1_253' title='bbox 304 4163 344 4216; x_wconf 89' lang='lat' dir='ltr'><strong>to.</strong></span> <span class='ocrx_word' id='word_1_254' title='bbox 361 4181 396 4201; x_wconf 51' lang='lat' dir='ltr'><strong>a·</strong></span> <span class='ocrx_word' id='word_1_255' title='bbox 421 4172 461 4215; x_wconf 86' lang='lat' dir='ltr'><strong>or.</strong></span> <span class='ocrx_word' id='word_1_256' title='bbox 483 4159 647 4216; x_wconf 80' lang='lat' dir='ltr'><strong>Adherbalis</strong></span> <span class='ocrx_word' id='word_1_257' title='bbox 672 4159 697 4214; x_wconf 83' lang='lat' dir='ltr'><strong>J.</strong></span> <span class='ocrx_word' id='word_1_258' title='bbox 723 4165 762 4217; x_wconf 82' lang='lat' dir='ltr'><strong>tt.</strong></span> <span class='ocrx_word' id='word_1_259' title='bbox 787 4189 821 4202; x_wconf 88' lang='lat'><em>-</em></span> <span class='ocrx_word' id='word_1_260' title='bbox 853 4175 894 4230; x_wconf 84' lang='lat' dir='ltr'><strong>ep.</strong></span> <span class='ocrx_word' id='word_1_261' title='bbox 915 4160 985 4216; x_wconf 85' lang='lat' dir='ltr'><strong>Adh.</strong></span> <span class='ocrx_word' id='word_1_262' title='bbox 1008 4159 1094 4217; x_wconf 67' lang='lat' dir='ltr'><strong>Md.</strong></span> <span class='ocrx_word' id='word_1_263' title='bbox 1118 4192 1152 4202; x_wconf 93' lang='lat'>-</span> <span class='ocrx_word' id='word_1_264' title='bbox 1186 4177 1224 4217; x_wconf 89' lang='lat' dir='ltr'><strong>or.</strong></span> <span class='ocrx_word' id='word_1_265' title='bbox 1247 4160 1339 4216; x_wconf 81' lang='lat' dir='ltr'><strong>Sullae</strong></span> 
     </span>
     <span class='ocr_line' id='line_1_27' title="bbox 111 4262 968 4322; baseline -0.007 -1"><span class='ocrx_word' id='word_1_266' title='bbox 111 4263 135 4321; x_wconf 81' lang='lat' dir='ltr'><strong>J.</strong></span> <span class='ocrx_word' id='word_1_267' title='bbox 154 4266 319 4322; x_wconf 65' lang='lat' dir='ltr'><strong>tob-or.</strong></span> <span class='ocrx_word' id='word_1_268' title='bbox 335 4262 435 4321; x_wconf 90' lang='lat' dir='ltr'><strong>Bocchi</strong></span> <span class='ocrx_word' id='word_1_269' title='bbox 451 4262 477 4317; x_wconf 86' lang='lat' dir='ltr'><strong>J.</strong></span> <span class='ocrx_word' id='word_1_270' title='bbox 497 4264 555 4321; x_wconf 79' lang='lat' dir='ltr'><strong>tio.</strong></span> <span class='ocrx_word' id='word_1_271' title='bbox 628 4291 632 4317; x_wconf 71' lang='grc' dir='ltr'><strong><em>ι</em></strong></span> <span class='ocrx_word' id='word_1_272' title='bbox 669 4270 673 4299; x_wconf 81' lang='lat'>¹</span> <span class='ocrx_word' id='word_1_273' title='bbox 965 4276 968 4283; x_wconf 62' lang='lat'><em>⁴</em></span> 
     </span>
    </p>
   </div>
   <div class='ocr_carea' id='block_1_4' title="bbox 0 0 1460 4672">
    <p class='ocr_par' dir='ltr' id='par_1_5' title="bbox 0 0 1460 4672">
     <span class='ocr_line' id='line_1_28' title="bbox 0 0 1460 4672; baseline 0 1"><span class='ocrx_word' id='word_1_274' title='bbox 0 0 1460 4672; x_wconf 95' lang='lat' dir='ltr'><strong> </strong></span> 
     </span>
    </p>
   </div>
  </div>
 </body>
</html>
