2910 4672
589 104 831 221 410-

110 332 191 395 mine
220 331 339 413 incipit,
376 333 466 394 octies
496 333 593 410 „egc“
621 325 707 393 tertio
729 331 795 393 loco
818 331 947 412 positum
971 341 1032 407 est,
1068 342 1115 396 ter
1136 330 1250 410 mediae
1272 347 1348 391 sen-

71 455 73 458 ’
111 452 219 516 tentiae
248 453 392 515 insertum
422 451 580 514 invenitur.
630 451 686 515 Ubi
711 470 781 514 vero
812 452 998 529 enunciatic,
1034 453 1121 535 cujus
1150 454 1246 533 „ego“
1269 448 1345 512 sub·

109 575 221 656 jectum
245 581 305 649 est,
328 592 382 655 per
406 575 535 653 „atquc“
557 590 627 634 cum
649 564 891 636 antecedentibus
912 569 1084 656 copulatur,
1118 591 1235 654 semper
1256 570 1339 633 nullo
1383 640 1388 657 Ι

113 695 169 757 alio
192 693 336 756 vocabulo
358 672 534 774 interposito
559 696 654 774 „ego“
677 701 845 774 pronomen
863 699 991 776 „atque“
1006 694 1181 777 particulam
1196 692 1339 774 sequitur.

111 816 274 896 Propterea
295 815 329 876 ν1
350 813 507 877 lectionem
529 812 676 877 hocloco
698 814 892 895 rejiciendam·
911 834 1029 893 censeo,
1051 815 1225 898 praesertim
1247 831 1340 893 quum

112 939 236 998 sortasse
258 936 325 1015 quis
347 937 458 1014 „baec“
483 954 650 1017 pronomen
666 943 734 1017 post
749 940 877 1016 „atque“
894 937 1024 1016 positum
1040 937 1067 999 vi
1082 955 1191 1018 augere
1205 933 1341 997 voluerit.

219 1057 331 1118 Eodem
360 1058 450 1119 modo
480 1057 541 1119 Cat
564 1054 617 1132 52,
639 1055 677 1132 2,
715 1075 895 1138 quamquam
926 1035 1054 1120 Servius
1073 1058 1155 1121 hunc
1182 1057 1283 1118 locum
1306 1054 1342 1117 ad

115 1179 188 1241 Aen.
211 1178 234 1254 l,
259 1175 299 1241 13
328 1196 363 1238 00
393 1177 497 1257 ordine
524 1177 625 1239 laudat
653 1175 704 1255 qui
734 1177 830 1239 111νο
861 1186 920 1240 est:
962 1178 1071 1260 „longe
1095 1179 1152 1242 alia
1173 1177 1247 1241 mibi
1268 1181 1344 1251 -“,

26 1305 29 1311 '
116 1307 216 1361 tamen
245 1298 280 1360 Pi
309 1298 462 1360 ordinem:
498 1298 607 1378 „longe
637 1297 708 1360 mihi
738 1298 793 1360 alia
827 1302 883 1343 —“
914 1269 1067 1380 praefero,
1105 1299 1172 1380 quia
1194 1297 1345 1362 vorationis

115 1438 274 1483 numerum
297 1428 326 1482 et
347 1420 523 1482 sententiam
545 1418 627 1506 hunc
648 1418 783 1480 ordinem
805 1418 937 1500 flagitare
958 1428 1048 1501 put0;
1071 1440 1139 1483 nam
1161 1427 1191 1482 et
1209 1420 1355 1500 „longe“'

115 1541 252 1603 adverbio
273 1547 302 1603 'et
325 1540 419 1618 „alia“
444 1538 586 1619 adJ‘ectivo
609 1538 774 1601 sententiae
798 1539 839 1601 vis
859 1538 952 1616 inest,
979 1540 1028 1603 cui
1051 1559 1106 1602 vor
1126 1541 1258 1604 humana
1281 1559 1345 1603 non

115 1681 238 1744 prorsus
266 1660 432 1723 satisfacere
453 1668 568 1741 potest,
597 1659 659 1722 >nisi
681 1629 799 1722 levioris
820 1661 964 1723 momenti
986 1660 1132 1748 verbnm,
1161 1670 1195 1723 ut
1218 1660 1345 1739 „mihi“,

115 1784 192 1846 inter
216 1784 344 1863 ,1011111ί
368 1791 398 1843 et
420 1781 515 1859 „alia“
538 1780 744 1861 interpositum
766 1787 819 1845 est.
864 1781 908 1843 Ad
929 1783 987 1844 boe
998 1782 1157 1845 Sallustius·
1175 1801 1345 1863 pronomen

115 1905 272 1987 personale
293 1902 425 1966 secundo
447 1902 514 1964 loco
534 1902 697 1964 sententiae
719 1901 851 1964 inserere
872 1901 977 1964 solitus
999 1911 1053 1985 est,
1076 1920 1257 1982 quamquam
1274 1903 1347 1966 satis

117 2026 202 2089 multi
217 2026 261 2087 -in
284 2024 413 2088 Sallustii
434 2022 550 2105 scriptis
572 2032 644 2085 sunt
666 2022 741 2099 loci,
773 2022 882 2102 quibus
902 2023 1017 2102 „mihi“
1039 2044 1101 2086 non
1123 2024 1254 2087 seeundo
1277 2025 1345 2088 loco

117 2147 282 2223 invenitur;
304 2165 401 2226 neque
424 2163 500 2224 quae
522 2144 753 2207 denominativi
777 2149 879 2226 „ego“.
896 2145 1043 2209 locatione
1065 2144 1209 2220 diximus,
1241 2146 1346 2209 eadem

89 2244 92 2250 ⁴
116 2268 153 2330 ad
176 2268 303 2330 dativum
326 2266 484 2348 pertinent.
641 2249 643 2252 Α

219 2389 332 2450 Deinde
353 2388 419 2469 Jug.
444 2385 494 2464 tt,
518 2384 556 2448 lt
580 2386 632 2451 ubi
653 2386 684 2448 in
708 2386 750 2448 Vc
773 2395 830 2449 est:
856 2387 906 2466 „in
929 2406 1022 2470 regno
1036 2383 1145 2463 Ι1111011,
1167 2387 1261 2454 Pam:
1294 2390 1344 2467 „in

117 2522 185 2571 meo
208 2513 321 2590 regn0“
345 2508 593 2590 comprobamus,
616 2508 684 2587 quia
707 2526 776 2570 curn
800 2508 834 2569 Pi
854 2508 981 2571 lectione
1004 2508 1072 2570 lacit
1094 2509 1175 2587 quod
1197 2510 1344 2597 sententia

117 2631 247 2712 postulat
264 2638 309 2718 ut
336 2633 446 2709 „meo“
474 2630 504 2692 in
528 2629 662 2710 graviore
684 2628 751 2691 loco
773 2629 903 2710 positum
926 2629 980 2705 sit;
1016 2648 1051 2691 eo
1074 2629 1153 2692 enim
1176 2613 1352 2707 miseriores,

116 2752 263 2814 Adherbal
283 2771 331 2813 res
353 2770 438 2828 suas,
460 2750 659 2814 scelestiorem
681 2751 857 2831 Jugurtbam
879 2750 1022 2827 illustrat,
1045 2767 1139 2828 quum
1160 2749 1232 2813 dicit
1252 2768 1340 2814 suum

117 2893 180 2936 esse
201 2892 345 2954 regnum,
367 2873 419 2935 ubi
440 2872 562 2936 minime
584 2879 670 2934 tutus
686 2871 733 2936 sit

222 2995 303 3075 Adde
324 2971 392 3076 lug}
416 2991 468 3071 85,
490 2990 548 3057 23:
570 2993 615 3054 V:
655 3011 773 3072 „neque
801 2964 878 3053 mala
908 3010 1006 3072 neque
1028 2991 1128 3054 bona“
1150 2991 1190 3055 P:
1226 3012 1347 3074 „neque

78 3165 80 3169 .
118 3097 197 3177 bona
219 3135 316 3196 neque
336 3117 445 3179 mala“.
490 3116 588 3189 Quum
613 3113 671 3175 hoc
692 3112 759 3174 loco
779 3111 897 3175 Marinsl
910 3092 1123 3176 demonstrare⁴
1137 3113 1222 3188 velit,
1250 3113 1348 3195 majo-

118 3256 186 3299 rum
215 3237 338 3318 gloriam
366 3235 538 3299 adversariis
566 3233 627 3296 suis
656 3235 791 3309 allicere,
823 3233 890 3313 quia
912 3233 968 3315 ipsi
989 3233 1137 3315 majorum
1160 3234 1346 3298 dissimillimi

91 3439 95 3446 Ι
120 3377 181 3419 non
204 3357 280 3420 bene
301 3359 353 3420 sed
374 3358 451 3419 male
474 3357 548 3418 lacta
571 3355 732 3429 ediderint,
755 3372 875 3416 necesse
897 3363 942 3417 est
963 3363 1023 3417 tota
1041 3356 1187 3418 sententia
1210 3356 1241 3417 in
1263 3328 1347 3419 bun'c

107 3479 208 3541 'finem
231 3487 328 3554 exeat,
365 3486 399 3539 ut
428 3477 578 3558 majorum
605 3477 698 3558 gloria
727 3484 868 3557 tanquam
887 3474 991 3538 lumen
1014 3474 1091 3540 mala
1113 3497 1217 3541 eorum
1239 3476 1270 3539 in
1293 3497 1347 3540 oc·

119 3598 199 3661 culto
237 3619 298 3661 non
336 3600 396 3680 pati
425 3599 548 3679 dicatur.
596 3600 675 3680 Ergo
705 3597 841 3676 „mala“,
878 3617 940 3658 non
972 3597 1090 3676 „bona“
1119 3599 1151 3661 in
1181 3598 1347 3681 posteriore

120 3720 255 3782 membro
279 3739 342 3780 esse
364 3719 482 3782 debent.
527 3719 556 3781 Si
579 3720 618 3782 ita
641 3726 704 3796 est,
726 3717 761 3780 Vi
784 3718 871 3781 lectio
892 3719 1068 3781 sententiam
1091 3719 1265 3801 corrumpit

227 3839 338 3902 Contra
360 3840 434 3928 Vnrn
458 3841 503 3903 his
523 3841 597 3903 locis
618 3840 781 3922 genuinum
803 3839 937 3902 ordinem
961 3840 1121 3904 servavisse
1143 3841 1323 3923 putaverim:

227 3960 289 4024 Cat.
311 3957 363 4037 33,
388 3965 421 4024 l:
444 3962 484 4023 V:
508 3979 627 4041 „neque
649 3968 786 4022 nostrum
808 3949 981 4041 cuiquamV'
995 3962 1037 4036 P:-
1067 3982 1184 4044 „neque
1205 3961 1345 4044 cuiqnam

120 4083 288 4143 nostrum.“
341 4082 395 4144 lllo
425 4083 458 4143 Vi
490 4083 594 4145 ordine
623 4082 719 4162 major
748 4080 790 4143 vis
818 4082 991 4162 pronomini
1021 4089 1200 4163 „nostrum“
1229 4075 1347 4148 addit'ur

121 4218 210 4280 quam
240 4203 344 4266 ordine
376 4204 409 4265 Pi
439 4223 536 4283 neque
564 4203 606 4264 vis
636 4201 821 4283 pronominis
850 4202 1031 4284 „cuiqnam“
1060 4204 1146 4268 tertio
1168 4206 1236 4269 loeo
1257 4205 1347 4287 positi

119 4313 242 4415 radiarit
288 4324 388 4402 Atque
415 4324 494 4392 banc
513 4327 692 4408 „nostrum“
714 4322 902 4407 pronominis
922 4328 1066 4405 majorem
1086 4325 1146 4388 vim
1167 4325 1205 4390 ad
1224 4333 1348 4390 santan-
