2910 4672
696 150 910 222 ...20-

187 345 277 407 quum
309 327 395 388 mulli
424 327 484 389 sint
512 329 569 389 loci
599 329 706 410 quibus
734 331 765 391 in
788 331 821 392 Bi
844 333 914 394 falsa
937 340 1023 407 sunt,
1053 333 1082 392 in
1107 331 1149 391 Vo
1170 350 1251 404 vera,
1283 329 1407 408 denique

185 467 278 528 quum
301 448 401 528 paucis
423 456 536 510 tantum
561 450 633 512 locis
654 451 781 515 dubitari
803 453 913 534 possit,
942 463 1043 516 utrum
1066 453 1096 513 in
1121 450 1162 511 Vo
1184 468 1221 512 an
1245 451 1275 512 in
1297 450 1332 512 Bi
1354 470 1408 511 no-

185 569 231 630 bis
253 587 319 630 vera
340 567 445 629 tradita
467 568 577 647 sint*)‚
606 565 654 646 idg
677 570 799 651 opinor,
819 572 887 653 jure
908 573 1004 636 dicere
1026 590 1195 654 possumus,
1216 570 1291 634 Vum
1316 572 1408 634 multo

186 688 278 769 pluris
299 689 514 751 aestimandum
535 709 600 752 asse
618 707 709 770 quam
731 691 818 767 Bem,
840 701 869 755 et
889 701 948 756 stat
967 693 1131 775 judicium,
1161 690 1251 774 liujus
1272 692 1408 755 codicum

185 808 309 871 familiae
332 808 616 889 praestantissimum
639 829 703 873 essa
724 811 810 876 Vum.

293 930 350 991 Sed
379 930 583 1010 regrediamur
609 930 646 992 ad
674 933 872 1014 propositum.
916 934 954 995 Ut
974 952 1064 1016 supra
1084 934 1146 1015 jam
1169 933 1244 1009 dixi,
1273 934 1410 997 homines

185 1051 262 1113 docti
290 1050 422 1112 codicem
445 1051 519 1112 Vum
548 1050 635 1113 etiam
657 1053 705 1114 Po'
730 1054 957 1134 praeferendum
989 1072 1053 1116 esse
1080 1064 1267 1118 censuerant.
1310 1057 1407 1129 Quam

185 1179 289 1233 contra
319 1171 496 1234 sententiam
525 1172 673 1236 Jordanua
701 1173 746 1235 vir
774 1174 961 1237 doctissimus
988 1175 1097 1238 Wirnio
1126 1175 1305 1238 assentiente
1336 1195 1410 1238 con-

134 1330 136 1334 ·
185 1292 279 1354 tendit
300 1291 437 1375 (Hermes
459 1293 503 1370 Ι),
534 1312 595 1354 non
619 1292 838 1373 despiciendum
862 1294 998 1375 quidem,
1026 1297 1078 1359 sed
1101 1295 1143 1357 Po
1166 1297 1409 1378 postponendum

184 1432 248 1475 esse
267 1413 361 1487 Vum,
400 1412 508 1494 quippe
538 1413 589 1493 qui
615 1433 650 1475 ex
679 1415 834 1476 rhetorum
862 1415 1031 1476 scholarum
1060 1416 1243 1479 umbraculis
1264 1416 1410 1481 oriundus

184 1533 304 1596 libidine
333 1535 459 1614 quadarn
489 1533 684 1614 interpolatus
717 1534 769 1608 sit,
798 1533 884 1616 cujus
912 1500 1149 1617 intercalationis
1176 1536 1354 1600 documenta
1376 1541 1411 1601 se

184 1655 289 1718 allerra
311 1675 397 1737 posse
420 1662 531 1718 censet.
575 1655 617 1716 lta
641 1673 734 1734 quum
758 1655 893 1718 codicum
916 1675 1003 1719 causa
1025 1677 1057 1718 se
1079 1657 1195 1732 babeat,
1218 1676 1324 1738 operae
1341 1677 1409 1740 pre-

184 1777 256 1839 tium
287 1785 347 1852 est,
377 1775 542 1838 accuratius
571 1774 746 1856 investigare
776 1784 806 1838 et
834 1795 1007 1858 comparare
1036 1776 1152 1840 codices
1182 1777 1256 1839 Pmn
1283 1788 1313 1840 et
1333 1779 1409 1840 Vum

183 1907 271 1978 atque
293 1896 446 1978 explorare
468 1897 614 1959 rationem
634 1915 709 1976 quae
730 1897 808 1959 inter
828 1897 884 1958 hos
907 1897 1033 1960 duarum
1056 1898 1232 1960 familiarum
1256 1911 1408 1980 praestan-

134 2079 139 2091 ,
182 2019 311 2081 tissimos
340 2018 456 2079 codices
486 2016 656 2078 intercedat
701 2017 763 2089 Qua
792 2017 823 2078 in
851 2037 902 2094 re,
932 2036 1025 2100 quum
1048 2016 1091 2080 Vo
1121 2019 1222 2080 codice
1248 2020 1321 2081 nihil
1352 2023 1410 2084 nisi

184 2139 332 2202 orationes
366 2146 395 2200 et
430 2137 569 2219 epistolae
604 2137 831 2214 contineantur,
868 2138 902 2200 Pi
932 2158 1050 2220 quoque
1087 2139 1256 2202 orationum
1292 2148 1409 2205 tantum

182 2278 404 2342 parcarumque
445 2258 634 2340 epistolarum
676 2257 822 2320 rationem
866 2259 975 2323 babere
1018 2259 1197 2340 poterimus3
1244 2269 1273 2323 et
1316 2281 1409 2342 quum

131 2411 133 2415 ·
182 2383 212 2443 in
241 2381 283 2443 Po
315 2381 391 2443 bella
429 2400 490 2441 non
527 2378 668 2441 historiae
699 2378 758 2441 sint
786 2387 816 2442 et
843 2399 950 2460 magna
979 2381 1009 2441 in
1038 2389 1170 2443 extremo
1198 2378 1267 2444 belli
1297 2382 1407 2464 lugur-

180 2502 256 2564 tbiui
291 2502 395 2564 lacuna
424 2499 533 2562 bocchi
568 2501 662 2562 oratio
692 2519 719 2563 o.
750 2498 811 2564 110
836 2500 972 2582 perierit,
1009 2520 1106 2582 neque
1136 2500 1168 2562 Vi
1199 2502 1349 2566 orationes
1378 2512 1407 2566 et

184 2622 323 2704 epistolae
358 2638 394 2684 ex
431 2620 560 2683 historiis
589 2629 744 2703 excerptae
774 2640 871 2702 neque
900 2621 1008 2684 Bncchi
1028 2620 1129 2701 ‚oratio
1160 2623 1196 2684 ad
1222 2623 1405 2705 propositum

187 2751 322 2806 nostrum
346 2742 504 2825 pertinent.

289 2898 410 2961 Finibus
431 2897 470 2960 ita
493 2896 722 2978 circumscriptis
742 2896 872 2978 primum
895 2896 1099 2961 disserendum
1122 2898 1178 2961 erit
1196 2900 1232 2961 de
1255 2899 1409 2982 utriusque

183 3018 291 3083 codicis
313 3018 437 3096 mendis,
461 3038 536 3100 quae
558 3017 622 3080 sine
646 3015 735 3079 dubio
757 3016 946 3080 librariorum
969 3020 1147 3102 negligentia
1169 3030 1221 3083 aut
1241 3021 1408 3103 ignorantia

280 3275 309 3346 *)
480 3273 503 3328 Β
1087 3274 1113 3330 V

183 3376 239 3434 Cat.
258 3381 334 3444 20,ss
360 3378 491 3437 :utimini
761 3405 794 3417 -
829 3373 942 3433 utamini

160 3526 162 3532 ,
257 3485 299 3550 52,
317 3486 364 3539 29:
381 3496 512 3554 prospera
760 3508 795 3523 -
829 3494 958 3553 prospare

179 3585 700 3657 Jug.to‚1:perrumteego‚lug.
759 3614 792 3626 -
826 3585 1130 3656 parrumagotedug.

336 3693 366 3744 2:
384 3688 572 3748 difficillimum
612 3695 655 3746 est
692 3688 764 3744 inter

304 3843 309 3857 k
386 3793 514 3851 mortales
766 3820 796 3831 -
832 3791 890 3852 diff.
906 3793 979 3849 inter
994 3796 1072 3849 mort.
1091 3797 1134 3848 eat
1150 3794 1198 3858 (Ρ)

261 3901 336 3966 lt‚8
362 3897 466 3955 :colite
484 3901 512 3952 et
528 3897 669 3954 observate
762 3923 793 3936 -
829 3896 909 3954 colite
926 3897 1067 3953 observate

262 4007 337 4069 ll‚3
362 3999 455 4058 :mibi
471 3999 586 4055 maxime
604 3998 697 4056 deberi
765 4033 798 4042 -
833 4001 949 4058 maxime
965 3999 1059 4056 deberi
1077 3999 1142 4055 mihi
1161 4001 1208 4069 (Ρ)

323 4110 372 4163 15:
389 4105 484 4162 relicta
501 4109 545 4161 est
561 4103 652 4161 anime
669 4105 718 4175 (P)
760 4134 795 4147 -
829 4105 925 4163 relicta
944 4104 1035 4160 anima
1051 4109 1095 4159 est

320 4213 371 4270 2³2
388 4215 415 4265 et
432 4208 520 4266 omnis
538 4207 583 4278 (Ρ)
764 4236 799 4249 -
833 4212 878 4266 sat
892 4206 981 4264 omnia

322 4320 372 4376 24:
390 4312 530 4371 honestius
538 4311 797 4381 essetnerirere-
833 4311 964 4370 nonestus
979 4309 1069 4369 exitur
1089 4314 1163 4368 emal
1179 4311 1319 4382 neuim
1359 4341 1361 4344 v
