2910 4672
1070 57 1083 87 ⁹
1111 102 1112 106 ,

296 317 430 399 Denique
444 319 511 400 Jug.
527 315 580 397 24,
593 315 631 381 9:
653 317 692 381 P:
718 337 793 400 „ego
815 317 935 399 quidem
958 317 1062 379 vellem
1086 325 1116 379 ot
1136 317 1209 380 baec
1231 317 1398 398 mansuile
1451 338 1453 359 ¹

188 446 219 500 et
255 437 304 500 illa
338 458 413 519 quae
449 446 536 503 antea
572 438 603 501 in
621 443 737 502 ‘senatu
768 447 889 520 questus
916 456 999 515 sum,
1033 456 1107 500 vana
1136 439 1235 500 forent
1260 441 1338 522 -,“
1367 435 1400 498 t:

189 574 253 636 „—
273 565 379 638 scripsi
402 563 470 624 ·-.“
519 561 558 624 Ut
586 562 749 642 perlectum
782 559 925 640 „scripsi“
955 560 1121 640 explicent,
1148 558 1297 621 scribendi
1323 574 1405 621 usum

188 680 239 760 qui
268 680 410 745 Romanis
439 682 470 744 iu
499 681 631 763 epistolis
661 690 721 756 est,
751 680 926 763 interpretes
955 681 1093 744 afferunt.
1138 672 1234 743 Etiam
1263 679 1407 742 Jordauus

190 800 230 863 ita
267 805 432 884 perlectum
466 802 603 884 intelligit
639 802 767 883 dicitque
805 802 862 864 hoc
889 802 956 864 loco
984 802 1169 865 manifestam
1199 820 1262 864 esse
1290 799 1408 863 nimiam

189 923 371 1004 grammatici
400 922 525 1004 alicujus
554 923 654 985 omnia
684 923 720 987 ad
750 923 954 1004 grammaticas
976 923 1102 1003 'regulas
1131 921 1301 1002 corrigendi
1330 919 1411 1002 cupi-

186 1044 317 1107 ditatem.
362 1045 455 1117 Quam
486 1044 663 1107 senteutiam
692 1053 726 1105 ut
753 1044 866 1117 firmet,
896 1046 1099 1107 demonstrare
1121 1043 1234 1119 studet,
1264 1046 1412 1124 graunta-

186 1165 277 1227 ticum
312 1165 396 1227 illum
435 1184 539 1229 sensus
567 1143 712 1228 rationem
742 1184 804 1227 non
833 1164 969 1228 habuisse
996 1173 1026 1227 et
1051 1163 1214 1227 correxisse
1242 1163 1274 1225 iu
1304 1163 1412 1226 malam

188 1296 302 1369 partem
335 1304 410 1367 quae
441 1304 503 1348 non
533 1286 641 1366 corrigi
664 1284 843 1367 oportuerit3
873 1293 1042 1367 temporum
1066 1285 1144 1348 enim
1167 1284 1315 1347 rationem
1338 1302 1413 1367 quae

186 1408 349 1471 intercedat
378 1407 455 1470 inter
485 1406 684 1487 querimonias
712 1412 799 1468 antea
826 1405 888 1487 jam
917 1425 1004 1487 saepe
1032 1406 1144 1468 habitas
1171 1415 1200 1469 et
1222 1405 1307 1468 'inter
1330 1424 1413 1469 nnnc

160 1529 327 1610 scriptas,
355 1547 421 1591 eam
443 1528 611 1609 postulare,
641 1534 675 1588 ut
693 1529 824 1609 perlecto
847 1528 974 1609 tempori
997 1535 1139 1611 „questus
1160 1529 1247 1590 sum“
1270 1545 1415 1608 praesens

185 1649 324 1728 „scribo“
348 1655 535 1730 opponatur3
566 1649 603 1712 ad
625 1648 682 1710 hoo
703 1648 837 1710 Servium
861 1649 923 1730 (qui
946 1649 983 1711 ad
1004 1648 1090 1730 Verg.
1112 1650 1185 1710 Aen.
1207 1644 1308 1724 1392
1331 1649 1414 1711 bunc

183 1770 283 1833 locum
312 1768 425 1850 laudat)
453 1769 561 1832 babere
585 1769 733 1847 „seribo.“
778 1769 887 1842 Quanti
909 1770 1001 1833 Servii
1025 1770 1227 1833 testimouium
1251 1769 1414 1832 aestiman-

184 1890 255 1954 dum
285 1891 339 1967 sit,
368 1891 399 1952 in
414 1877 519 1953 'dubio
541 1898 601 1953 est:
630 1891 779 1954 Jordanus
801 1890 864 1972 ipse
885 1891 948 1954 aliis
967 1890 1040 1954 locis
1063 1891 1089 1955 ei
1110 1911 1172 1953 non
1195 1909 1337 1972 magnam
1358 1889 1413 1952 tri·

183 2011 248 2076 buit
274 2011 496 2087 auctoritatem
527 2019 606 2074 certe
634 2012 676 2074 illi
707 2020 875 2095 temporum
905 2013 1013 2075 rationi
1036 2015 1162 2092 „antea“
1185 2011 1361 2075 adverbium
1379 2019 1411 2073 et

140 2122 142 2127 ’
184 2133 363 2216 pronomina
391 2131 621 2194 demonstrativa
652 2133 764 2210 „haec“
796 2142 825 2195 et
854 2134 942 2212 „illa“
972 2133 1060 2215 plane
1082 2133 1282 2208 satisfaciunt,
1312 2150 1412 2213 neque

182 2272 323 2337 praesens
353 2253 492 2332 „scribo“
524 2253 723 2316 necessarium
751 2263 804 2317 est.
848 2255 950 2335 Neque
980 2273 1035 2336 ego
1057 2264 1149 2335 puto,
1172 2253 1319 2336 „scripsi“
1343 2238 1409 2335 per-

182 2377 292 2438 lectum
314 2375 356 2438 illi
377 2376 581 2437 Romanorum
603 2373 634 2436 in
657 2375 786 2456 epistolis
809 2375 1018 2438 consuetudini
1038 2374 1230 2437 tribuendum
1253 2394 1336 2451 esse,
1358 2372 1411 2437 sed
1441 2350 1443 2355 Α

182 2497 265 2559 aliter
286 2496 363 2560 bene
385 2495 523 2578 explicari
545 2502 651 2577 potest.
691 2496 790 2568 Quum
813 2496 892 2558 enim
907 2496 1054 2558 Adherbal
1076 2496 1193 2578 scripsit
1216 2496 1310 2574 „haee
1334 2512 1408 2577 quae

181 2619 316 2702 scripsi,“
339 2618 446 2699 scripta
466 2616 528 2697 jam
551 2624 637 2679 erant
657 2636 733 2697 quae
748 2627 782 2680 ut
797 2637 871 2680 vana
885 2619 984 2681 lorent
997 2637 1030 2680 se
1044 2617 1116 2681 velle
1130 2617 1210 2694 dicit,
1232 2618 1271 2680 cl.
1282 2617 1311 2696 ξ.
1320 2613 1352 2678 6.
1368 2614 1391 2678 7
1399 2633 1408 2692 ;

181 2759 216 2803 ac
242 2737 329 2803 nobis
351 2758 471 2821 quoque
492 2739 532 2802 ita
553 2738 682 2801 scribere
704 2738 773 2801 licet
793 2749 824 2802 et
846 2739 1014 2821 saepissime
1034 2739 1200 2802 scribimus.
1245 2735 1406 2801 Verisimile

182 2870 281 2924 autem
304 2869 362 2937 est,
384 2860 512 2940 aliquem
535 2879 570 2923 ea
592 2859 732 2952 opinione
755 2879 813 2941 qua
835 2861 1001 2924 Jordanum
1024 2861 1146 2923 ductum
1167 2876 1309 2942 praesens
1330 2865 1408 2921 tcm-

75 2964 78 2970 ’
181 3002 237 3064 pus
260 2981 458 3047 necessarium
480 2990 598 3063 putasse
619 2982 745 3066 ideoque
767 2983 938 3047 correxisse.
956 2967 1005 3029 ’-

289 3103 320 3193 Si
349 3123 411 3167 non
440 3122 564 3185 prorsus
593 3103 691 3186 inepta
717 3115 805 3182 sunt,
834 3123 909 3186 quae
931 3105 968 3167 de
989 3104 1035 3177 his
1057 3102 1151 3167 tribus
1173 3102 1247 3165 locis
1268 3099 1409 3175 diximus,

182 3236 318 3292 nostrum
353 3226 391 3289 de
418 3224 451 3286 Vi
486 3223 658 3288 auctoritate
692 3224 837 3305 judicium
874 3225 1059 3288 defendimus
1095 3233 1125 3287 et
1153 3223 1409 3286 confirmavimus.

180 3349 335 3412 Praeterea
356 3348 429 3410 haec
451 3347 537 3410 velim
560 3345 744 3409 consideres:
774 3346 1023 3409 verisimillimum
1046 3354 1101 3423 est,
1122 3345 1271 3408 orationes
1292 3353 1322 3407 et
1344 3345 1409 3426 epi·

180 3470 288 3546 stolas,
317 3487 393 3550 quae
421 3467 453 3531 in
475 3468 517 3529 Vc
539 3476 627 3544 suut,
657 3487 720 3530 non
743 3467 840 3531 medio
862 3442 982 3531 demum
1005 3487 1076 3531 aevo
1099 3488 1116 3530 e
1136 3465 1267 3529 Sallustii
1287 3465 1408 3545 scriptis

180 3597 331 3672 excerptas
353 3607 435 3670 esse,
461 3588 513 3650 sed
531 3587 593 3668 jam
616 3589 819 3671 temporibus,
841 3608 934 3669 quum
953 3589 1111 3671 imperium
1133 3589 1303 3650 Romanum
1327 3605 1409 3648 non-

180 3713 251 3775 dum
281 3709 442 3774 corruisset
462 3709 634 3791 Romaeque
663 3708 828 3773 litterarum
857 3710 988 3773 studium
1018 3711 1147 3773 lloreret.
1192 3711 1268 3772 Tum
1296 3708 1323 3771 si
1356 3729 1409 3771 ex·

179 3841 297 3914 carptae
319 3838 392 3905 sunt
413 3831 562 3894 orationes
584 3839 614 3893 et
634 3831 789 3913 epistolae,
811 3833 934 3895 fortasse
956 3832 994 3894 ad
1015 3850 1102 3893 usum
1117 3829 1407 3907 Frontonianorum,

178 3963 257 4018 certe
295 3953 333 4015 ad
362 3970 450 4014 usum
477 3971 581 4014 eorum
611 3951 662 4031 qui
691 3952 883 4015 Sallustianae
910 3952 1046 4015 dictionis
1074 3950 1279 4014 studiosissimi
1307 3960 1406 4029 erant,

178 4094 272 4158 quum
294 4073 422 4136 sciamus
444 4081 553 4154 quanta
575 4073 723 4154 diligentia
744 4084 808 4136 tum
831 4074 967 4137 homines
986 4064 1029 4136 illi
1052 4072 1212 4136 consectati
1227 4072 1287 4135 sint
1302 4073 1406 4137 omnia

178 4198 243 4279 ejus
269 4195 355 4277 cujus
374 4195 412 4258 ad
432 4194 596 4258 orationem
619 4214 704 4257 suam
725 4195 885 4259 dictionem
908 4195 1062 4258 elaborare
1076 4193 1246 4273 studebant,
1266 4193 1337 4276 jure
1351 4214 1405 4259 su-

170 4319 281 4397 micon
305 4335 491 4399 possumus,
517 4317 627 4380 librum
656 4319 687 4380 in
709 4339 769 4399 quo
793 4320 941 4384 orationes
963 4328 993 4383 et
1013 4316 1154 4401 epistolae
1176 4328 1331 4402 excerptae
1354 4304 1404 4384 lu·
