2910 4672
619 138 848 207 -33-.

112 322 168 396 est,
191 313 232 376 ita
253 333 369 398 omnes,
394 315 475 396 quod
497 314 598 398 sciam,
620 293 748 380 editores
762 317 910 398 exhibent,
933 316 996 399 sed,
1018 316 1049 378 ni
1071 316 1167 398 fallor,
1190 335 1251 378 nou
1264 314 1342 396 jure.

114 433 284 515 Numquam
322 436 416 518 euim,
454 436 588 518 quamvis
626 446 737 500 attente
773 437 985 519 quaesiverim,
1022 438 1100 520 apud
1137 437 1343 499 Romanorum

114 554 275 635 scriptores
306 557 405 620 locum
436 558 551 639 reperi,
587 578 647 638 quo
668 559 830 640 accipiendi
854 558 976 621 verbum
999 577 1068 620 cum
1092 563 1168 636 „ex“
1191 557 1343 639 praeposi-

115 676 198 740 tione
229 677 425 758 conjunctum
455 678 509 761 sit,
546 679 602 741 uisi
633 688 684 742 aut
704 680 752 755 id,
789 700 824 742 ex
847 698 906 760 quo
929 676 996 760 quis
1018 679 1141 762 accipit,
1176 680 1356 754 inanimum¹

115 806 161 860 est
188 807 218 861 et
243 806 387 880 tanquam
418 817 484 881 vas,
521 808 572 862 aut
600 801 763 882 accipiendi
793 801 915 862 verbum
938 800 1016 862 idem
1039 801 1119 881 quod
1142 799 1345 881 comperiendi

114 918 240 981 verbum
261 920 406 1000 significat
426 920 466 983 ita
489 928 522 982 ut
542 919 577 1003 is,
599 941 635 982 ex
655 940 715 1001 quo
740 922 806 1004 quis
829 922 969 985 nuntium
990 922 1106 1005 accipit,
1130 921 1214 1002 quasi
1229 920 1342 982 iustru-

114 1046 250 1100 mentum
273 1049 326 1120 est,
349 1059 402 1121 per
423 1041 504 1121 quod
527 1042 650 1104 nasutius
672 1043 803 1126 affertur,
826 1043 910 1124 quasi
928 1024 998 1125 ras,
1022 1062 1058 1105 ex
1079 1061 1138 1124 quo
1155 1041 1203 1104 eui
1219 1041 1343 1103 nuntius

113 1158 273 1240 promitur.
318 1161 348 1223 Si
376 1181 446 1224 vero
468 1162 630 1243 accipiendi
653 1162 776 1225 verbum
798 1163 959 1245 genuinam
981 1163 1225 1244 significationem
1249 1170 1340 1238 tenet,

114 1279 156 1342 ita
178 1287 213 1342 ut
234 1281 388 1363 accipienti
413 1283 591 1363 respondeat
612 1254 719 1365 aliquis
741 1284 792 1364 qui
808 1285 867 1367 dat,
891 1285 916 1346 is
939 1285 990 1366 qui
1013 1286 1062 1347 dat
1082 1302 1200 1365 semper
1215 1302 1268 1364 per
1284 1287 1342 1362 „a“

114 1402 364 1483 praepositionem
393 1403 527 1479 additur,
565 1413 594 1466 et
622 1412 701 1467 recte
725 1405 821 1486 'puto;
861 1425 930 1468 uam
960 1410 1016 1484 „a“
1046 1403 1223 1486 praepositio
1247 1404 1341 1467 multo

115 1521 222 1584 melius
246 1523 282 1584 ad
306 1523 412 1604 agendi
434 1525 494 1586 vini
516 1526 658 1609 quadrat,
681 1535 711 1588 et
732 1526 792 1606 agit
813 1526 838 1588 is
861 1527 912 1608 qui
935 1528 995 1604 dat,
1017 1545 1034 1589 a
1055 1545 1115 1606 quo
1139 1525 1205 1605 quis
1226 1525 1340 1607 accipit.

115 1643 182 1706 lloc
204 1663 275 1725 ergo
297 1645 376 1721 loco,
399 1645 430 1706 ui
452 1645 550 1727 inepta
575 1646 730 1728 disputavi,
753 1657 858 1709 contra
874 1647 1080 1712 Romanorum
1094 1647 1341 1709 consuetudinem

114 1765 147 1827 iu
169 1765 213 1828 Po
245 1774 304 1828 est:
342 1777 407 1844 „eu'
425 1767 536 1849 populo
566 1766 601 1829 R.
625 1802 665 1813 —
687 1767 879 1849 accepisses.“
924 1767 1063 1849 Capieudi
1085 1775 1182 1828 autem
1206 1766 1339 1849 verbum,

113 1886 163 1948 cui
184 1885 266 1972 notio
289 1889 412 1971 agendi,
450 1907 512 1950 non
534 1887 664 1968 patiendi
684 1889 778 1965 inest,
807 1888 976 1971 saepissime
998 1908 1066 1950 curn
1092 1890 1168 1966 „ex“
1191 1887 1342 1968 praeposi-

112 2007 196 2070 tione
230 1989 434 2089 conjunctum
467 2016 643 2089 usurpatur;
686 2029 838 2090 compares
865 2009 953 2071 velim
980 2008 1153 2070 dictionem:
1188 2009 1340 2086 „fructum

113 2147 284 2212 capereex
313 2129 409 2209 aliqua
440 2132 503 2210 re“,
541 2128 628 2210 cujus
656 2129 793 2192 dictionis
814 2129 905 2211 hujus
927 2129 984 2191 loci
1007 2128 1095 2190 dictio
1117 2127 1264 2190 simillima
1287 2139 1342 2204 est,

111 2251 152 2313 ita
176 2258 210 2312 ut
230 2251 360 2332 populus
382 2251 535 2312 Romanus
558 2251 642 2330 quasi
664 2251 754 2313 arbor
775 2252 828 2333 sit,
856 2270 892 2313 ex
914 2270 972 2333 qua
996 2249 1045 2312 illa
1069 2249 1147 2311 bona
1170 2251 1254 2331 quasi
1277 2252 1341 2313 iru-

111 2380 179 2435 ctus
201 2371 336 2434 Bocchus
367 2371 507 2452 cepisset,
545 2372 568 2434 si
599 2371 743 2454 principio
774 2372 800 2434 ei
823 2373 908 2435 aliter
929 2371 1095 2453 placuisset.
1139 2371 1339 2445 Quamobrem

112 2495 183 2555 hoo·
202 2509 321 2574 quoque
350 2493 416 2555 loco
439 2491 500 2556 Vus
522 2493 638 2556 videtur
660 2493 732 2556 mihi
757 2513 824 2557 vere
845 2493 982 2556 Latinum
1005 2492 1131 2571 ideoque
1153 2512 1220 2555 vere
1243 2493 1340 2555 Sallu-

110 2613 242 2678 stianum
264 2592 405 2679 servasset

222 2735 356 2814 lienique
378 2744 480 2797 contra
503 2733 632 2798 Sallustii
653 2754 740 2798 usum
765 2734 957 2797 dicendinae
979 2716 1173 2798 Pi'lectioues
1195 2745 1279 2798 sunt:

213 2856 275 2919 Cat.
297 2854 350 2932 52,
373 2855 409 2918 7:
433 2856 473 2919 P:
505 2865 706 2936 „conquestus
728 2859 815 2917 sum“
853 2856 892 2916 V:
923 2865 1065 2936 „questus
1086 2861 1185 2920 sum“.
1230 2858 1339 2920 Contra

117 2996 204 3042 usum
226 2977 358 3041 Sallustii
375 2977 406 3038 in
428 2976 472 3039 Po
494 2985 553 3040 est:
583 2981 819 3060 „conquestus“,
842 2996 935 3057 quum
960 2977 1116 3040 Sallustius
1136 2996 1254 3059 semper
1275 2998 1338 3040 ver·
1383 2951 1385 2954 Ι

112 3100 185 3163 bum
207 3100 332 3181 simplex
354 3099 479 3179 „queri“
502 3107 634 3179 usurpet.

220 3221 331 3284 Eodem
352 3221 442 3282 modo
465 3220 526 3282 (lat.
545 3217 649 3301 5211
675 3219 708 3279 Vi
730 3219 832 3281 lectio:
855 3238 925 3302 „res
946 3219 1064 3300 publica
1084 3218 1115 3279 in
1137 3226 1270 3280 extremo
1284 3220 1339 3282 sita

75 3335 77 3339 ’
112 3341 178 3406 est“
207 3340 447 3423 comprobanda,
483 3340 516 3403 Pi
545 3340 632 3402 lectio
662 3375 727 3423 „-
749 3340 843 3420 posita
866 3338 929 3387 —“
960 3339 1119 3420 rejicienda
1149 3348 1208 3416 est;
1245 3358 1337 3420 quum

111 3464 194 3527 euim
214 3464 281 3544 Jug.
303 3460 399 3539 23,2
428 3462 530 3525 eadem
554 3461 642 3524 dictio
664 3481 681 3523 a
704 3462 747 3524 Po
769 3479 889 3541 quoque
911 3462 1104 3543 praebeatur,
1140 3440 1192 3523 sed
1213 3460 1268 3523 alia
1289 3461 1338 3522 illa

112 3587 225 3649 lorma:
263 3617 327 3661 „--
348 3603 453 3646 omues
482 3602 550 3646 suas
572 3584 708 3645 fortunas
730 3583 760 3644 in
784 3595 916 3646 extremo
939 3584 1008 3646 sitas
1033 3588 1107 3656 -—“,
1140 3583 1212 3644 haec
1233 3584 1338 3666 forma,

113 3725 204 3788 quam
225 3707 283 3767 hoc
305 3703 372 3767 loco
395 3723 499 3766 omnes
522 3705 610 3766 aeteri
633 3705 750 3777 codices
772 3704 920 3788 exhibent,
945 3704 1121 3768 Sallustiana
1139 3705 1270 3785 putanda
1286 3713 1338 3768 est.

221 3828 298 3890 Tum
328 3825 353 3888 si
383 3827 445 3888 Cat.
467 3824 519 3902 52,
544 3822 636 3917 l8in
661 3825 704 3887 Po
736 3825 877 3907 legimus:
914 3834 1045 3907 „quanto
1068 3846 1121 3895 vos
1142 3826 1282 3890 attentius
1305 3846 1339 3890 ea

113 3936 220 4031 agetis,
258 3956 341 4011 tanto
363 3946 420 4008 illis
440 3947 557 4009 animus
577 3945 724 4009 infirmior
745 3949 831 4026 crit“,
870 3948 901 4010 in
924 3947 984 4009 Vo:
1016 3982 1075 4023 „-
1092 3948 1242 4010 'intentius
1266 3919 1337 4032 4³⁶,

112 4089 169 4153 pro
196 4070 230 4133 Vi
260 4069 386 4134 lectione
416 4078 460 4131 est
492 4069 572 4148 quod
602 4085 696 4147 quum
726 4069 897 4133 intendendi
927 4068 1049 4131 verbum
1081 4068 1237 4130 duodecim
1264 4069 1338 4133 locis

113 4191 269 4257 Sallustius
291 4199 415 4273 usurpet
436 4199 465 4253 et
484 4190 672 4272 participium
692 4190 766 4253 locis
787 4189 888 4271 viginti
909 4199 1049 4269 quattuor
1071 4199 1100 4254 et
1113 4191 1238 4252 formam
1255 4209 1337 4252 com-

111 4314 273 4398 parativam
297 4314 365 4396 Jug.
388 4313 440 4394 55,
463 4309 500 4387 3,
536 4311 717 4378 adtendendi
739 4310 828 4373 verbo
851 4311 895 4373 bis
918 4320 1030 4375 tantum
1054 4312 1166 4390 utitur,
1184 4311 1336 4394 participio
1362 4323 1365 4331 ·

91 4431 93 4434 ’
1057 4467 1059 4471 ,
1126 4411 1158 4476 ”o
