2910 4672
691 175 733 191 ..
770 135 822 209 op
858 176 908 195 .-

185 317 269 383 miris
297 314 472 398 ambagibus
503 333 538 381 ae
566 304 661 397 p'aeue
687 313 830 392 stultitia,
857 334 916 396 qua
937 313 1013 383 alias
1030 313 1111 397 leges
1133 313 1241 381 Caesar
1261 313 1416 391 attulisset,

184 459 279 521 quum
307 438 381 501 nihil
412 437 492 502 aliud
522 456 591 500 eum
620 437 718 500 dicere
747 436 929 517 oportuisset
957 435 1014 499 uisi
1031 444 1094 514 ·„at
1117 436 1221 500 eadem
1240 439 1288 500 lex
1310 436 1417 505 uorsa

185 559 391 624 condemnatis
420 559 599 622 civibus-
626 557 712 638 jubet
720 562 749 634 ,“
779 558 810 620 id
840 565 971 630 constat,
1001 557 1097 638 legem
1117 557 1254 623 Porciam
1277 559 1416 623 noudum

183 681 303 745 erilium
325 679 505 762 permisisse,
527 680 564 742 cl.
578 679 641 741 Liv.
654 677 691 755 X,
705 675 737 754 9,
752 675 793 743 d:
816 678 942 761 „Porcia
963 678 1013 741 lex
1027 678 1097 741 ,sola
1119 698 1174 760 pro
1197 688 1281 761 tergo
1305 679 1417 743 civium

184 801 243 866 lata
270 802 405 885 videtur,
432 801 515 883 quod
537 799 620 882 gravi
642 818 757 883 poena,
784 799 900 880 siquis
922 798 1106 864 verberasset
1127 810 1299 865 necassetve
1320 801 1416 865 ciuem

184 922 365 1006 Romanum3
389 922 506 986 sanxit“
530 923 567 984 cl.
591 921 652 985 Cic.
674 940 730 1003 pro
752 921 825 988 Bab.
847 917 878 1005 3,
899 918 930 985 9.
951 919 983 1004 d,
1008 919 1057 984 12.
1092 922 1197 1002 Neque
1218 923 1281 987 fieri
1305 931 1415 1004 potest,

183 1052 218 1108 ut
245 1042 359 1127 „item“
388 1044 426 1107 ad
454 1044 605 1128 „animam
635 1041 731 1123 eripi“
752 1050 890 1125 tantum,
918 1062 980 1106 non
1001 1043 1040 1105 ad
1062 1043 1236 1125 „permitti“
1257 1044 1415 1127 referatur,

183 1184 365 1247 quamquam
387 1164 435 1228 lex
447 1165 552 1228 Porcia
573 1164 651 1227 cives
673 1164 774 1228 necari
795 1164 905 1242 vetuit3
927 1183 997 1227 narn
1020 1164 1060 1226 ita
1081 1164 1193 1227 referre
1215 1174 1280 1229 tum
1295 1172 1415 1228 tantum

182 1287 295 1371 liceret,
315 1287 340 1349 si
361 1285 520 1350 Sallustius
542 1284 656 1370 „item“
679 1305 742 1348 non
763 1293 832 1348 ante
854 1284 1082 1369 „condemnatis
1102 1285 1249 1363 civibus,“
1271 1286 1325 1349 sed
1345 1294 1417 1368 poet

183 1409 256 1472 baec
284 1408 372 1472 verba
401 1409 558 1490 posuisset.
603 1407 634 1469 Si
663 1425 751 1489 vero,
778 1406 863 1470 utin
885 1406 927 1468 Vo
950 1415 1010 1489 est,
1040 1406 1120 1490 „de“
1141 1405 1322 1490 praepositio
1344 1414 1416 1470 ante

183 1530 294 1613 „cond
323 1528 401 1592 oiv.“
430 1528 589 1608 inseritur,
623 1528 706 1590 nulla
734 1528 809 1591 mibi
837 1528 954 1592 videtur
983 1528 1086 1592 adesse
1115 1527 1282 1592 difficultas.
1332 1527 1415 1592 Haec

182 1650 270 1714 uelim
292 1651 478 1715 consideres:
502 1650 590 1712 blodo
613 1657 846 1712 commemorata
868 1657 912 1711 est
933 1649 981 1712 lex
999 1649 1105 1713 Porcia
1126 1651 1163 1713 de
1182 1660 1267 1731 tergo
1291 1648 1414 1732 civium,

182 1772 308 1854 nequis
329 1771 472 1835 advorsus
493 1771 736 1854 provocationem
758 1771 852 1834 civem
874 1778 960 1834 necet
981 1789 1055 1834 neve
1076 1771 1167 1852 virgis
1187 1770 1299 1834 caedat.
1340 1769 1416 1835 Erat

178 1913 254 1975 ergo
276 1894 323 1957 lex
345 1894 382 1956 de
403 1892 517 1956 civibus
537 1893 753 1957 condemnatis.
793 1891 832 1955 Et
854 1910 937 1955 nunc
949 1891 1057 1955 Caesar
1077 1892 1192 1974 pergit:
1216 1892 1310 1976 „aliae
1331 1891 1414 1974 leges

182 2016 254 2077 item
274 2015 312 2076 de
332 2014 538 2078 condemnatis
560 1994 675 2078 civibus
698 2012 770 2091 ···“,
790 2014 999 2095 sententiaque
1021 2014 1086 2095 ejus
1107 2014 1149 2078 ita
1162 2014 1336 2097 explicanda
1352 2024 1413 2078 est:

182 2146 216 2198 ut
236 2135 284 2198 lex
306 2135 410 2198 Porcia
432 2144 509 2198 vetat
529 2145 575 2219 te,
606 2135 721 2218 Silano,
748 2135 779 2197 in
804 2135 951 2198 sententia
973 2136 1095 2220 addere,
1117 2136 1163 2199 uti
1183 2136 1215 2199 in
1237 2135 1414 2216 conjuratos

182 2256 355 2323 verberibus
384 2255 468 2337 prius
496 2257 750 2320 animadvertatur
780 2276 869 2338 quam
890 2257 1070 2340 supplicium
1092 2266 1246 2341 sumaturr,
1276 2258 1316 2320 ita
1338 2235 1417 2322 aliae'

179 2379 277 2462 leges,
308 2396 384 2458 quae
413 2377 484 2440 item
511 2379 586 2442 latae
616 2387 689 2443 suut
715 2378 752 2441 de
778 2378 987 2441 condemnatis
1014 2380 1143 2458 civibus,
1175 2399 1251 2462 quae
1279 2379 1352 2444 item
1376 2380 1414 2445 ad

179 2500 396 2563 condemnatos
425 2499 504 2562 eires
524 2500 694 2582 pertinent,
724 2508 825 2562 votam
846 2499 1027 2582 supplicium
1047 2502 1126 2563 sumi
1148 2509 1177 2564 et
1198 2501 1411 2584 exilium-per·

180 2622 312 2684 mittunt.
342 2620 385 2683 lta
396 2619 512 2703 „item“
521 2639 611 2685 suum
622 2619 711 2684 habet
720 2621 832 2699 locum,
845 2640 880 2684 ac
889 2621 963 2683 mibi
978 2622 1012 2683 vi
1025 2621 1113 2686 lectio
1124 2641 1189 2685 esse
1200 2642 1270 2686 vera
1283 2622 1408 2687 videtur.

283 2741 388 2822 Neque
408 2742 494 2806 aliter
515 2719 565 2806 res
585 2742 728 2806 sehabet
748 2738 889 2826 rugat,
913 2739 966 2826 19,
989 2743 1040 2805 ubi
1061 2744 1093 2805 iu
1115 2745 1157 2806 Vo
1179 2745 1326 2826 scriptum
1345 2752 1407 2807 est:

182 2863 255 2946 „qui
283 2863 309 2925 si
335 2862 489 2926 dediticius
518 2874 578 2940 est,
605 2865 740 2946 profecto
765 2862 855 2944 jussis
884 2863 987 2927 vestris
1016 2863 1177 2929 oboediens
1205 2866 1278 2943 erit;
1306 2865 1354 2928 sin
1369 2883 1413 2928 ea

180 2993 367 3062 contemnet,
393 2985 505 3048 scilicet
533 2984 760 3061 existumabitis,
789 2984 885 3065 qualis
916 2985 965 3048 illa
985 3003 1042 3066 pax
1066 3020 1104 3035 -
1126 2988 1165 3051 sit
1186 2991 1260 3051 -—.“
1303 2987 1414 3053 Jorda-

180 3126 239 3169 nus
266 3106 377 3188 recepit
397 3106 432 3168 Pi
460 3106 634 3169 lectionem:
666 3141 728 3184 „—
750 3105 917 3169 contemnit
940 3098 1019 3184 -⁴“,
1050 3107 1184 3170 videlicet
1214 3108 1286 3190 quia
1313 3109 1353 3171 in·
1368 3108 1412 3171 Vo

74 3244 77 3249 ·
179 3227 286 3290 stolida
322 3226 465 3290 orationis
500 3227 704 3290 emendandae
739 3227 898 3308 cupiditate
934 3230 1160 3309 grammaticum
1194 3229 1244 3312 qui
1273 3230 1413 3292 futurum

179 3358 305 3429 tempus
324 3349 356 3411 in
386 3348 531 3410 sententia
561 3347 701 3429 primaria
732 3347 872 3429 subsequi
902 3349 1037 3428 vidisset,
1067 3351 1156 3414 etiam
1179 3351 1210 3414 in
1234 3349 1412 3414 maundaria

178 3470 325 3532 sententia
354 3471 489 3534 futurum
521 3469 736 3533 restituendum
765 3470 915 3534 censuisse
943 3471 1064 3553 putarit
1096 3471 1188 3546 'Quid
1217 3470 1311 3536 vero?
1340 3492 1412 3536 cor·

178 3599 325 3672 ruptusne
347 3592 514 3654 censendus
527 3593 592 3654 -erit
605 3590 675 3674 Vus,
696 3592 721 3654 si
744 3591 942 3654 demonstrari
960 3594 1100 3675 potuerit,
1123 3594 1257 3657 futurum
1273 3591 1325 3655 illo
1339 3591 1411 3658 loco

178 3713 378 3776 neceesarium
406 3710 493 3775 esse?
529 3712 567 3776 Et
588 3722 633 3775 est
654 3713 863 3776 necessarium.
907 3714 981 3776 Nam
1003 3734 1080 3796 quae
1100 3714 1183 3796 jussa
1204 3712 1300 3797 plebis
1318 3714 1410 3781 intel·

177 3833 295 3916 liganda
322 3833 401 3917 sint,
431 3843 553 3914 apparet
580 3854 617 3897 ex
645 3833 742 3896 verbis
768 3834 1013 3899 antecedentibus
1040 3837 1071 3916 §-
1098 3833 1138 3899 18
1161 3836 1291 3916 „indicio
1314 3835 1409 3918 ipsius

176 3953 371 4038 Jugrrrtbae.“
414 3954 570 4018 blemmius
591 3955 683 4018 voluit
702 3954 820 4038 plebem
840 3954 947 4035 jubere
966 3956 1143 4038 Jugmtham
1167 3956 1263 4039 ipsum
1279 3956 1409 4023 Romam

176 4077 294 4154 venire,
323 4086 359 4141 ut
385 4079 423 4140 de
449 4078 486 4140 iis
514 4077 672 4160 indicaret,
701 4077 754 4159 qui
781 4077 1016 4162 „rempublicam
1040 4077 1274 4161 prodidissent.“
1318 4081 1408 4154 Quod

177 4218 271 4283 quum
292 4199 376 4281 plebs
398 4219 433 4262 eo
457 4209 601 4282 tempore,
625 4217 685 4280 quo
705 4198 862 4262 Memmius
883 4199 1159 4278 condemnasset,
1180 4202 1319 4264 nondum
1338 4201 1408 4284 ius-

172 4322 354 4398 nesseden
376 4340 439 4385 non
458 4321 573 4404 potuit,
602 4329 637 4383 ut
654 4322 803 4401 iugurtha
823 4330 958 4403 tompore
980 4332 1044 4385 tum
1065 4323 1216 4405 praesenti
1234 4323 1318 4404 jussa
1340 4324 1408 4408 ple·
