2910 4672
622 172 834 238 ...21-

118 345 218 406 babet:
242 343 380 434 „inulti.“v
425 346 511 418 Quod
534 306 612 409 idam
630 347 805 410 vocabulum
823 349 854 410 in
870 349 902 410 Vi
917 350 1075 429 archetypo
1093 350 1236 430 scriptum
1252 351 1342 412 luisse
1418 403 1420 408 .

118 465 236 546 cognitu
258 465 387 546 proclive
408 475 462 541 est,
485 467 508 528 si
526 469 760 542 consideramus,
783 488 872 549 quam
887 469 982 542 facile,
1005 468 1064 530 sive
1077 469 1189 556 litterae
1204 470 1342 552 capitales
1414 515 1417 520 -

117 586 175 649 sive
203 585 387 649 minusculae
415 587 564 653 adhibitae,
584 598 686 663 erant,
713 588 810 651 littera
832 591 855 651 L
877 590 890 650 l
911 590 1023 652 litterae
1046 589 1174 670 speciem
1196 590 1338 672 praebere
1406 594 1408 598 ‘

117 707 260 787 potuerlt;
289 725 359 769 nam
390 707 520 788 capitalis
548 705 708 771 litteraeL
735 709 812 772 linea
841 710 964 790 obliqua
994 729 1081 790 saepe
1103 710 1255 791 perbrevis
1277 720 1351 792 erat*

68 832 70 873 l
117 827 153 890 ita
183 835 219 890 ut
237 828 250 890 1
272 826 386 890 litterae
415 827 561 891 simillima
581 830 681 905 tieret3
711 829 793 892 etin
816 830 990 893 minusculis
1012 829 1020 892 i
1042 849 1130 911 saepe
1151 851 1242 912 supra
1264 838 1363 893 cete-¹

117 967 215 1011 rarum
244 948 407 1011 litterarum
435 947 543 1010 lineam
573 949 755 1012 educebatur
783 958 873 1030 atque
899 950 939 1012 ita
967 950 1091 1012 eandem
1122 925 1182 1014 fere
1213 951 1341 1032 speciem

118 1069 242 1132 habebat
271 1088 359 1148 quam
388 1069 483 1131 littera
512 1069 532 1130 l.
563 1071 602 1132 cl.
625 1070 837 1133 Wattenbach:
867 1071 1027 1151 Anleitung
1055 1090 1110 1133 zur
1138 1071 1188 1136 lat
1218 1072 1340 1135 Palaeo-

117 1188 236 1272 graphie
256 1208 285 1270 p.
308 1185 339 1251 8.
384 1188 476 1251 Simili
506 1190 664 1253 oculorum
693 1191 787 1253 errori
817 1200 847 1253 et
870 1190 1063 1271 negligentiae
1086 1191 1203 1254 cuidam
1227 1192 1340 1255 librarii

116 1293 270 1373 tribuerim*
289 1309 369 1390 quod
391 1309 458 1390 lug.
480 1307 533 1384 85,
554 1306 597 1372 46
619 1310 650 1372 in
673 1311 715 1372 νο
738 1311 961 1392 scriptumest:
986 1312 1112 1388 „deinde
1135 1313 1280 1376 exercitus
1299 1313 1341 1377 ihi

116 1438 157 1492 est
195 1431 330 1492 locorum
367 1429 463 1492 sciens
498 1441 523 1490 et
557 1430 726 1493 mehercule
762 1433 856 1512 magis
886 1441 1025 1494 strenuus
1055 1451 1144 1513 quam
1176 1432 1245 1495 felix
1265 1438 1340 1497 -“.

115 1551 214 1626 Recte,
230 1551 348 1632 opinor,
360 1550 496 1621 editores,
512 1558 546 1613 ut
560 1550 590 1612 in
607 1551 650 1612 Po
663 1551 822 1622 invenitur,
839 1552 1005 1616 exhibentz·
1018 1588 1080 1630 „-
1091 1552 1187 1615 sciens
1201 1559 1251 1614 scd
1267 1557 1339 1617 -“.

115 1672 212 1746 Quum
240 1671 320 1734 enim
340 1671 486 1734 sententia
508 1671 694 1752 subsequens
715 1690 834 1734 causam
856 1673 975 1747 afferat,
1005 1692 1060 1735 cur
1081 1672 1242 1736 exercitum
1265 1673 1312 1736 inf
1326 1710 1341 1722 ·

113 1791 196 1854 licem
227 1792 272 1854 vel
299 1791 399 1854 minus
426 1791 542 1854 felicem
564 1792 674 1857 Marius
706 1791 851 1872 appellet,
881 1792 1015 1873 sequitur
1044 1801 1077 1854 ut
1097 1792 1179 1855 notio
1201 1793 1341 1873 primaria

114 1912 187 1975 mala
210 1912 356 1974 exercitus
377 1913 496 1975 fortuna
518 1912 566 1985 sit,
589 1932 664 1993 quae
687 1912 807 1992 quidem
827 1921 861 1974 ut
881 1913 997 1974 animos
1018 1932 1153 1975 maerore
1168 1913 1339 1994 percutiens

113 2032 248 2115 opposita
277 2041 323 2094 est
349 2033 384 2094 iis
413 2033 520 2112 quibus
546 2032 703 2095 hominum
732 2032 823 2095 animi
842 2033 1015 2112 eriguntur,
1047 2033 1132 2115 cujus
1153 2028 1273 2114 generis
1295 2043 1341 2097 est

81 2158 83 2162 ’
112 2153 259 2217 exercitus
287 2153 422 2216 locorum
447 2152 553 2216 sciens.
596 2153 675 2231 Ergo
697 2153 840 2233 particula
863 2153 1060 2227 adversativa,
1089 2173 1150 2216 non
1174 2154 1340 2234 copulativa

112 2294 189 2357 opus
218 2285 273 2338 est
324 2274 423 2347 Quum
454 2282 553 2336 autem
586 2273 721 2351 „sciens‘t
752 2274 925 2356 praecedat,
962 2275 1055 2353 „sed“
1084 2283 1241 2356 sequatur,
1279 2295 1340 2340 una

111 2395 278 2476 aequalium
317 2395 395 2459 inter
424 2415 456 2459 se
486 2394 693 2475 excipientium
724 2394 888 2457 litterarum
917 2395 1055 2458 facillime
1082 2395 1216 2459 excidere
1244 2396 1340 2477 potuit

110 2527 201 2599 atque
236 2516 419 2578 monendum
457 2523 501 2577 est
535 2513 675 2576 omnibus
703 2515 776 2577 locis
804 2515 834 2576 in
864 2514 907 2575 νο
938 2518 1022 2592 „set“
1052 2535 1113 2577 non
1142 2517 1235 2594 „sed“
1265 2517 1338 2579 scri-

112 2646 198 2719 ptum
221 2655 296 2699 esse.

220 2757 362 2820 Addimus
387 2756 487 2821 locum
509 2774 597 2836 quem
621 2754 786 2818 Dietschius
806 2756 837 2818 in
858 2755 901 2817 νο
920 2755 1069 2836 integrum
1093 2756 1232 2819 traditum
1256 2765 1340 2838 putat

117 2879 182 2958 lug.
203 2876 262 2951 31,
286 2877 345 2940 25:
377 2897 436 2955 „ne
475 2884 590 2938 tantum
621 2876 717 2939 scelus
744 2875 923 2956 impunitum
955 2876 1129 2953 amittatis;“
1161 2877 1192 2939 in
1223 2878 1266 2939 Po
1294 2887 1340 2968 est

116 3033 178 3077 „-·r
207 2998 388 3066 obmittatis“
427 3008 456 3060 et
486 3005 581 3066 recte,
609 3004 699 3077 puto,
735 2995 884 3057 lordanus
910 2994 949 3057 ita
979 2995 1105 3057 exhibet.
1155 2997 1228 3059 Nam
1258 2998 1340 3078 quod

112 3119 276 3183 Dictschius
306 3118 477 3193 contendit,
507 3135 735 3197 nonnumquam
759 3115 931 3192 „amittere“
954 3115 1010 3177 dici
1033 3115 1180 3178 derebus
1201 3118 1339 3181 consulto
1379 3149 1381 3155 ·

112 3239 296 3322 negligendis
323 3238 413 3319 idque
438 3238 517 3321 apud
539 3236 721 3318 antiquiores
743 3235 873 3299 comicos
894 3233 1043 3315 hujusque
1064 3237 1227 3300 sententiae
1250 3256 1338 3316 argu-

114 3370 252 3424 mentum
286 3361 370 3425 arten
397 3359 465 3422 Ter.
493 3359 570 3422 Eun.
593 3359 627 3434 V,
648 3357 680 3433 2,
704 3356 760 3420 ll:
798 3374 912 3432 ,unam
947 3356 1024 3417 hanc
1059 3355 1176 3418 noxiam
1206 3355 1338 3430 amitte,“

113 3491 211 3557 errat,
242 3481 365 3561 opinor,
388 3481 431 3542 vir
453 3479 658 3552 doctissimus,
680 3496 773 3559 quum
796 3475 943 3538 hocloco
966 3475 1141 3550 „amittere“
1163 3476 1339 3552 dimittendi,

113 3621 176 3667 non
207 3600 374 3682 negligendi
403 3599 646 3680 significationem
669 3597 777 3662 habere
798 3597 986 3659 manifestum
1010 3596 1062 3670 sit,
1093 3597 1130 3658 cl.
1154 3596 1294 3659 Phormio
1316 3597 1341 3673 l,

114 3721 146 3795 2,
167 3720 220 3785 91.
243 3720 433 3793 ‚Dimittendi
463 3719 707 3800 significationem
738 3719 825 3781 etiam
848 3717 1004 3779 Sallustius
1033 3716 1160 3779 admittit
1180 3716 1254 3779 Hist.
1278 3717 1339 3780 inc.

113 3840 152 3905 81
180 3842 240 3921 (D),
263 3860 351 3922 quam
373 3841 472 3903 locum
495 3840 628 3903 [locatus
650 3840 687 3901 ad
709 3837 947 3902 TerenPhorm.
963 3835 1029 3913 l,2,
1044 3835 1084 3900 91
1109 3836 1216 3900 laudat.
1250 3835 1339 3900 Prae·
1373 3848 1374 3851 ’

113 3971 195 4027 terea
216 3962 247 4025 in
271 3961 313 4024 Po
332 3971 378 4025 cst
402 3959 609 4039 „obmittatis,“
633 3978 694 4021 non
719 3959 915 4037 „omittatis,“
940 3978 997 4039 qua
1019 3979 1035 4022 e
1057 3960 1151 4021 torma
1173 3959 1341 4038 antiquiore

112 4085 144 4147 in
167 4083 211 4145 Po
240 4091 353 4146 servata
382 4090 504 4163 apparet
532 4079 680 4143 difficilius
708 4100 745 4142 ex
774 4080 909 4158 „amitt.“
943 4088 1156 4141 commutatum
1180 4097 1243 4140 esse
1266 4076 1340 4157 „oh-

114 4205 213 4267 mitt.“
235 4222 323 4283 quam
348 4202 483 4281 „amitt.“
503 4221 539 4264 cx
563 4199 740 4279 „obmitt.“,
762 4201 843 4282 quod
865 4201 989 4262 fortasse
1010 4199 1040 4260 in
1062 4199 1159 4274 libris,
1190 4216 1244 4279 per
1266 4215 1342 4278 quos
1375 4189 1377 4192 ’

114 4325 148 4386 Vi
171 4323 308 4386 librarius
328 4332 441 4393 textum
465 4323 605 4386 traditum
630 4320 753 4402 accepit,
774 4321 917 4402 scriptum
938 4328 1001 4383 erat
1025 4319 1217 4398 ,omittnttsffl
