2910 4672
702 122 914 196 -32·-

196 301 249 386 „in
271 302 371 366 locum
393 301 520 384 alicujus
542 299 670 365 dueeve“
693 301 817 366 omniuo
840 318 902 365 non
925 301 1045 378 dieunt;
1067 296 1170 363 Cicero
1193 296 1314 380 quidem
1336 295 1421 361 dicit:

196 425 248 502 „in
270 425 369 488 locam
391 423 502 487 mortui
524 423 661 500 voeare,“
683 423 734 486 sed
757 422 852 485 multo
874 421 990 505 saepius
1008 421 1167 485 ablativum
1183 429 1323 501 usurpat:
1348 418 1422 498 (lilii)

196 545 262 609 loco
290 565 370 627 esse,
401 545 468 607 loeo
495 544 613 612 babere.
657 545 695 606 Et
714 544 872 607 Sallustius
901 545 964 625 ipse
992 544 1023 606 in
1046 543 1180 606 ovatione
1201 541 1326 624 Philippi
1348 541 1423 604 scri«

195 667 269 747 psit:
291 666 438 750 „praedae
459 666 526 729 loeo
549 665 787 728 aestumaatuv.“
1162 676 1163 679 ’

292 789 360 869 lug.
385 785 442 863 ld,
465 785 486 851 9
507 786 546 849 io·
561 786 605 849 Po
630 795 692 848 est:
724 804 815 869 „eum
836 785 937 855 liberis
959 784 1059 862 tuis“‚
1087 785 1118 848 in
1144 784 1185 846 Vo
1205 782 1304 862 „tuis“
1329 783 1422 865 deest,

103 963 105 967 .
195 927 293 989 neque
328 927 383 990 ego
419 917 493 988 puto
527 906 706 988 negligentia
736 907 879 970 omissum
908 925 983 969 esse.
1035 905 1070 969 Vi
1097 905 1176 968 enim
1208 905 1295 968 leetio
1327 923 1421 984 quum

194 1029 333 1092 Ar‘usiani
359 1028 528 1092 testimonio
551 1049 581 1109 p.
603 1023 668 1090 253
699 1029 909 1104 confirmatur,
940 1036 1003 1090 tum
1025 1027 1193 1108 postulatur
1215 1026 1422 1089 Romanorum

194 1169 269 1231 usu,
292 1169 353 1230 quo
373 1150 410 1213 ad
431 1154 574 1233 „pater“,
595 1148 750 1232 „mater“,
773 1148 911 1231 „libevi“,
934 1147 1047 1231 „filii“,
1070 1147 1125 1235 alia
1146 1147 1281 1228 ejusdem
1304 1147 1422 1228 generis

193 1270 317 1332 nomina
338 1288 506 1350 pronomen
528 1269 729 1351 possessivum
750 1287 812 1331 non
836 1268 1006 1352 apponitur,
1029 1268 1088 1330 nisi
1106 1277 1249 1332 contextu
1262 1269 1420 1350 flagitatur,

194 1391 308 1454 seilicet
335 1400 370 1454 ut
389 1389 553 1454 sententiae
574 1390 750 1472 ambiguitas
771 1389 910 1465 tollatuv3
939 1389 987 1451 sin
1010 1389 1128 1467 minus,
1154 1391 1333 1459 omittitur„
1356 1390 1420 1453 Hoc

192 1522 292 1576 autem
314 1512 380 1574 loco
402 1510 491 1591 eujus
513 1510 598 1573 liberi
620 1510 805 1593 intelligendi
820 1510 890 1593 sint,
912 1510 953 1572 ita
967 1509 1157 1592 perspicuum
1172 1519 1225 1594 est,
1248 1518 1283 1573 ut
1297 1529 1419 1574 ausurae

193 1633 251 1697 tiov
265 1633 397 1696 delinitio
410 1652 464 1715 per
478 1651 646 1715 pronomen
662 1632 860 1714 possessivum
877 1650 1002 1714 prorsus
1016 1652 1234 1715 supervacanea
1248 1632 1294 1695 sit
1321 1633 1420 1714 Atque

191 1755 269 1818 idem
292 1756 422 1837 pertinet
442 1755 479 1818 ad
501 1754 568 1837 Jug.
593 1753 643 1838 lt,
662 1752 702 1818 15
725 1754 765 1817 P:
788 1754 996 1837 „propinquos
1019 1763 1135 1818 eeteros
1155 1754 1259 1818 meos“
1283 1754 1323 1816 ll:
1346 1773 1419 1837 pro-

193 1876 343 1958 quinquos
372 1876 508 1940 ceteros“
538 1886 567 1939 et
598 1877 635 1939 ad
657 1876 724 1957 Jag.
747 1873 807 1958 24,
830 1872 850 1939 3
872 1877 912 1939 P:
942 1876 1054 1959 „patris
1082 1875 1179 1961 mei“,
1200 1876 1240 1938 V:
1270 1875 1416 1960 „patvis“.

298 1998 412 2061 bande
421 1998 488 2079 Jug.
496 1995 549 2080 85,
559 1993 601 2062 30
612 1997 761 2060 londanus
772 1997 806 2060 Vi
822 1997 999 2060 lectionem:
1022 1999 1168 2082 „parviid
1185 1997 1284 2060 laeio“
1295 1997 1417 2061 lectioni

192 2119 243 2182 Pi:
274 2138 420 2202 „parvum
448 2120 477 2181 id
509 2118 607 2182 facio“
636 2120 784 2201 praeferre
807 2137 869 2180 non
892 2119 1047 2182 dubitavit.
1091 2121 1205 2183 Laudat
1225 2118 1416 2202 Madvigium,

191 2241 241 2321 qai
263 2241 299 2304 ad
320 2241 380 2304 Cio.
402 2241 438 2304 de
459 2243 511 2303 fin.
533 2260 563 2323 p.
585 2237 646 2303 781
671 2237 774 2323 (led.)
797 2240 996 2318 demonstrat,
1024 2259 1117 2321 quum
1141 2246 1288 2323 ,‚pavum“
1311 2241 1417 2306 adver-

189 2361 272 2425 bium
295 2381 358 2424 non
379 2361 497 2444 genitivi
519 2362 605 2444 pretii
627 2362 719 2425 vicem
743 2370 844 2425 tenere
866 2363 976 2444 possit,
1006 2382 1131 2445 „parum
1153 2362 1269 2426 lacere“
1292 2381 1417 2444 prorsus

188 2483 383 2565 rejiciendum
404 2501 469 2545 esse
489 2490 520 2545 et
540 2482 730 2578 scribendum
754 2485 800 2562 (ut
819 2492 869 2546 est
886 2483 917 2545 in
933 2482 991 2568 Vo)
1012 2485 1116 2568 „parvi
1135 2485 1164 2548 id
1180 2484 1287 2547 faoio“.
1324 2483 1414 2547 Prae·

189 2613 268 2668 terea
296 2603 434 2668 facillime
461 2623 498 2668 ex
528 2605 633 2687 „parui
653 2605 704 2668 id“
728 2604 875 2689 ‚,parnid“
898 2614 928 2668 et
947 2605 1072 2669 lineolae
1094 2605 1260 2688 adjectione
1281 2625 1318 2670 ex
1337 2624 1412 2690 „pa-

187 2725 276 2788 rdid‘
305 2744 431 2810 „panum
454 2726 505 2789 id“
533 2736 670 2790 exovtnm
700 2746 764 2792 esse
790 2727 930 2790 ostendit.
973 2728 1016 2791 lta
1046 2727 1127 2808 quod
1156 2727 1313 2792 Sallustius
1337 2727 1412 2790 sovi-

186 2847 292 2930 pscrit,
321 2849 398 2911 Vum
427 2866 557 2911 servasse
585 2849 682 2912 lucide
711 2857 840 2932 apparet.
885 2849 1022 2912 Ceterum
1044 2849 1069 2911 si
1091 2859 1170 2912 vecte
1195 2847 1359 2932 bla'dvigius
1379 2849 1417 2911 de

186 2949 336 3049 „pavum“
363 2966 498 3031 leotionis
527 2970 641 3051 origine
661 2971 827 3053 ,disputavit
855 2967 967 3053 (neque
996 2989 1051 3053 ego
1080 2971 1175 3034 habeo
1198 2990 1274 3053 quae
1296 2981 1419 3036 coatia·

188 3088 315 3172 dicum),
338 3089 410 3152 haee
432 3090 519 3153 lectio
542 3111 604 3154 uon
628 3100 688 3153 tam
711 3111 866 3173 perversae
888 3091 951 3173 ipsa
973 3092 1148 3156 Sallustiana
1172 3094 1341 3175 corrigendi
1363 3115 1420 3158 eu-

187 3209 299 3290 piditati
321 3229 409 3292 quam
433 3211 551 3274 veodori
573 3212 673 3275 locum
693 3210 755 3292 jam
778 3222 952 3295 corruptum
974 3214 1151 3277 emendandi
1165 3214 1263 3277 studio
1278 3215 1418 3280 debetur.

293 3331 369 3395 Tum
390 3351 547 3415 perperam
569 3343 673 3397 contra
696 3333 902 3398 Romanorum
926 3337 1172 3400 consuetudinem
1196 3342 1328 3402 mutatus
1350 3358 1419 3404 esse

186 3452 274 3515 etiam
301 3452 336 3515 Pi
349 3502 352 3508 .
365 3453 450 3516 loeus
478 3455 593 3518 videtur
621 3455 688 3538 lug.
710 3453 771 3534 85,
794 3454 856 3534 33,
886 3456 937 3519 ubi
965 3457 1025 3520 Vus
1053 3459 1186 3522 exhibet:
1219 3451 1417 3541 „praesidium

185 3574 333 3657 agitare“,
355 3573 386 3636 in
408 3574 452 3636 Po
474 3584 573 3638 autem
597 3585 658 3640 ests
679 3578 847 3660 „piaesidio
868 3578 1016 3660 agitare“;
1047 3599 1115 3642 nam
1139 3582 1362 3664 „praesidium“
1384 3595 1419 3650 et

184 3695 336 3778 ,‚agitare“
358 3695 502 3760 voeabula
523 3697 554 3759 in
577 3716 671 3762 unam
695 3700 780 3780 quasi
803 3700 926 3763 verbnm
947 3700 987 3764 ita
1009 3703 1203 3782 coaluerunt,
1225 3713 1260 3767 ut
1281 3708 1417 3787 „praesii

184 3816 288 3879 dium“
318 3836 482 3898 numquam
504 3818 536 3880 in
559 3821 744 3902 „praesidia“
767 3823 876 3884 mutavi
897 3823 1040 3907 videatur,
1063 3826 1100 3887 ol.
1123 3826 1191 3907 lag.
1213 3824 1268 3905 55,
1287 3825 1319 3890 d.
1341 3829 1413 3893 Tac.

186 3955 257 4002 ann.
282 3937 311 4022 1,
333 3935 385 4003 38.
429 3940 489 4003 Sed
518 3941 641 4004 sortasse
671 3944 745 4006 haee
766 3944 801 4006 Pi
830 3944 916 4008 lectio
944 3944 1102 4010 oculorum
1132 3948 1227 4012 errori
1255 3936 1414 4015 tribuenda

186 4070 240 4139 est,
261 4078 297 4124 ex
319 4061 508 4146 „praesidivi“
530 4074 642 4128 exora.

164 4212 167 4217 ·
287 4184 578 4270 Tumlug.102,8
599 4188 688 4250 inPn
712 4188 852 4269 legimus:
876 4206 932 4272 „ex
955 4191 1067 4272 populo
1089 4190 1290 4258 Romano-e·-
1315 4193 1410 4257 multo

155 4305 369 4381 plumbens
392 4310 554 4390 accepisses
581 4302 650 4387 -—“‘,
671 4311 702 4373 in
726 4311 785 4374 Va:
809 4347 872 4390 ,‚-
893 4315 1020 4397 cepisses
1042 4319 1123 4392 -“;
1147 4323 1236 4395 atque
1258 4315 1345 4377 utin
1368 4314 1412 4380 vo‘
